3309 4675
1321 316 1759 387 -15-..

471 490 590 557 tim
636 508 777 558 cum
821 491 1018 557 etiam
1066 495 1288 555 auctor
1343 472 1542 555 libelli
1587 509 1640 556 c.
1687 490 1728 554 i.
1774 485 1930 574 περὶ
1972 482 2205 573 ὕψους,
2250 506 2612 571 quanquam

413 620 415 626 ¹
474 602 894 667 elocutionem
938 600 1494 668 Demosthenicam
1541 600 1947 667 vehementer
1984 600 2360 679 admiratur,
2405 608 2616 667 tamen

475 713 810 780 nonnullas
841 714 1112 779 virtutes
1155 714 1212 778 ei
1243 714 1466 795 deesse
1496 714 1744 792 doceat,
1787 711 1867 777 cf.
1898 731 2037 794 cap.
2068 712 2153 777 34
2183 712 2220 794 ξ
2251 713 2313 778 3.
2386 712 2456 793 3)
2493 712 2615 778 De-

477 826 728 890 madem
775 825 1142 891 Demetrius
1186 843 1306 890 non
1352 824 1556 891 solum
1603 842 1726 889 non
1772 824 1975 905 pluris
2019 842 2209 905 quam
2242 823 2617 890 Demosthe-

476 955 619 1001 nem
664 936 917 1004 videtur
961 936 1421 1019 aestimavisse,
1465 937 1578 1001 sed
1627 956 1704 1002 ne
1734 935 1947 1018 magni
1993 936 2269 1017 quidem,
2312 934 2391 999 cf.
2424 935 2462 1016 ξ
2491 934 2619 999 282

477 1041 773 1126 »ἄτοπον
813 1042 1066 1133 τρόπον
1107 1041 1274 1127 ἐῇςειν
1319 1047 1680 1112 δοκοῦνταιι
1726 1054 1793 1112 et
1836 1048 1875 1129 ξ
1904 1046 2051 1113 286.

646 1271 685 1352 ἓ
730 1271 789 1336 6.
875 1270 1058 1335 Liers
1102 1269 1406 1361 Stilarten
1470 1289 1532 1351 p.
1563 1272 1691 1337 699
1751 1268 1909 1336 haec
1967 1269 2101 1334 fere
2146 1269 2344 1334 dicit:
2406 1269 2619 1352 „Rhe-

346 1427 351 1431 -
479 1390 650 1447 tores
694 1381 1078 1463 posteriores
1121 1380 1414 1447 omnibus
1457 1381 1795 1462 generibus
1823 1379 2170 1462 formisque
2214 1380 2469 1446 dicendi
2493 1381 2617 1446 De-

483 1491 872 1559 mosthenem
935 1510 1118 1559 usum
1177 1510 1320 1558 esse
1363 1493 1626 1572 docent;
1690 1492 2052 1560 Demetrius
2113 1497 2366 1558 tantum
2423 1510 2617 1557 unum

481 1604 541 1669 ei
583 1604 830 1687 tribuit,
876 1622 1028 1686 ergo
1087 1602 1287 1685 priori
1349 1603 1552 1669 aetati
1595 1604 2058 1670 adscribendus
2101 1607 2256 1669 est.“
2304 1640 2385 1650 ——
2446 1604 2622 1668 Inter

483 1716 870 1797 posteriores
913 1714 1056 1780 illos
1101 1714 1538 1795 distinguendi
1583 1721 1732 1783 sunt
1790 1716 1857 1795 ii,
1917 1716 2028 1798 qui
2073 1716 2200 1782 tria
2245 1734 2479 1797 genera
2524 1716 2619 1780 di-

481 1828 680 1905 cendi,
742 1834 808 1892 et
869 1826 933 1906 ii,
992 1826 1102 1907 qui
1145 1824 1385 1891 formas
1429 1820 1671 1910 (ἶδέας)
1728 1826 2101 1892 elocutionis
2158 1832 2619 1893 tractaverunt.

477 1938 564 2003 Hi
607 1943 758 2003 sunt
801 1938 920 2003 soli
964 1937 1280 2003 Aristides
1321 1944 1390 2003 et
1431 1937 1889 2021 HermogeneS‚
1952 1955 2108 2019 quos
2173 1958 2253 2003 ne
2295 1938 2435 2019 ipse
2480 1939 2619 2020 qui-

482 2050 627 2116 dem
672 2054 822 2115 ante
851 2049 1247 2116 Demetrium
1283 2050 1612 2132 scripsisse
1656 2067 1900 2117 censeo.
1990 2050 2093 2116 Illi
2124 2055 2338 2116 autem
2368 2049 2620 2133 (Corni-

479 2160 681 2240 ficiuS‚
729 2159 968 2243 Cicero,
1010 2159 1272 2242 Dionys.
1301 2160 1530 2243 Halia,
1574 2162 1715 2244 alii)
1762 2162 1930 2244 quod
1960 2161 2250 2227 omnibus
2285 2161 2621 2243 generibus

481 2274 738 2340 dicendi
767 2271 1256 2342 Demosthenem
1303 2293 1489 2341 usum
1519 2291 1656 2340 esse
1688 2274 1937 2356 docent,
1980 2272 2345 2340 Demetrius
2388 2273 2457 2339 id
2495 2292 2621 2347 non

481 2387 689 2467 docet,
750 2387 898 2452 inde
942 2385 1100 2452 nihil
1146 2387 1433 2454 concludi
1496 2392 1729 2469 potest,
1788 2403 1932 2450 cum
1975 2386 2229 2451 illorum
2274 2385 2466 2450 trium
2512 2404 2620 2465 ge-

483 2516 700 2564 nerum
733 2503 966 2563 natura
1008 2516 1270 2579 prorsus
1301 2498 1430 2563 alia
1472 2498 1558 2564 sit
1601 2515 1677 2563 ac
1706 2497 2259 2562 Demetrianorum
2296 2501 2621 2577 quattuor,

485 2627 613 2691 qua
657 2609 736 2674 de
781 2626 854 2673 re
899 2612 1206 2692 exponam
1252 2610 1462 2693 capite
1505 2609 1726 2676 altero.
1817 2609 2109 2676 Ceterum
2163 2625 2285 2673 non
2330 2606 2622 2672 omnibus

487 2720 858 2799 posterioris
901 2721 1136 2786 aetatis
1182 2720 1543 2786 rhetoribus
1580 2739 1797 2786 omnes
1838 2720 2113 2787 virtutes
2157 2721 2220 2785 in
2268 2720 2623 2786 elocutione

488 2828 975 2897 Demosthenica
1018 2832 1224 2898 inesse
1267 2833 1438 2898 visas
1471 2851 1629 2916 esse,
1675 2851 1749 2897 eo
1790 2832 1929 2898 loco
1973 2831 2407 2912 cognoscimus
2437 2850 2620 2913 quem

489 2942 552 3006 in
597 2943 636 3025 ξ
681 2945 970 3025 proxima
1011 2963 1048 3010 e
1091 2944 1310 3009 libello
1354 2963 1404 3011 c.
1451 2945 1493 3009 i.
1539 2941 1700 3030 περὶ
1741 2938 1957 3028 ὕψους
1998 2944 2210 3010 attuli.

656 3166 695 3247 s
741 3166 798 3231 7.
888 3166 1073 3232 Liers
1136 3186 1199 3248 p.
1233 3166 1352 3232 701
1417 3167 1511 3232 sic
1569 3165 1705 3233 fere
1765 3145 2059 3232 disserit:
2122 3166 2231 3248 „si
2293 3186 2389 3249 ea,
2455 3186 2621 3250 quae

486 3276 854 3344 Demetrius
898 3278 979 3343 de
1037 3278 1376 3359 generibus
1420 3283 1694 3345 venusto
1740 3284 1807 3344 et
1863 3279 2044 3344 tenui
2088 3279 2293 3360 docet,
2355 3277 2620 3344 conferi-

487 3409 628 3455 mus
673 3407 816 3454 cum
863 3388 1177 3455 similibus
1222 3408 1386 3472 quae
1431 3395 1653 3456 extant
1698 3391 1872 3471 apud
1915 3390 2205 3456 rhetores
2248 3391 2623 3472 posterioris

487 3502 741 3582 aetatis,
783 3502 903 3566 hos
936 3502 1372 3584 cognoscimus
1417 3503 1745 3568 studuisse
1787 3509 1865 3567 ut
1906 3502 2065 3566 nihil
2108 3499 2469 3583 proferrent
2499 3503 2625 3568 nisi

489 3633 652 3696 quae
697 3613 781 3678 ad
824 3619 1155 3678 oratorum
1218 3632 1404 3678 usum
1451 3614 1879 3693 convenirent,
1938 3614 2088 3695 quia
2132 3615 2345 3678 omnia
2388 3632 2626 3694 genera

489 3725 745 3791 dicendi
787 3725 1089 3791 volebant
1133 3725 1376 3806 optima
1421 3725 1775 3790 elocutione
1820 3725 2104 3790 oratoria
2136 3725 2623 3808 comprehendi;

489 3837 886 3902 Demetrium
930 3842 1150 3902 autem
1194 3837 1260 3902 id
1307 3856 1429 3901 non
1475 3835 1723 3902 fecisse.
1814 3836 2081 3901 Constat
2123 3841 2337 3901 autem
2396 3856 2436 3900 a
2478 3837 2624 3902 rhe-

491 3948 739 4014 toribus
782 3947 1106 4030 prioribus
1153 3947 1526 4014 elocutionis
1589 3949 1910 4013 oratoriae
1953 3948 2265 4012 minorem
2309 3948 2625 4014 rationem
