3309 4675
1363 311 1784 381 -35-

505 506 654 560 νους
710 476 942 561 αὐτοὺς
1003 478 1461 571 ἆναγράφειν.“
1549 486 1653 551 Ad
1696 486 1807 556 Cn.
1856 487 2073 569 Pomp.
2122 487 2163 551 6
2205 508 2266 569 p.
2301 488 2445 567 786,
2478 496 2513 547 3
2562 488 2643 553 de

509 595 922 679 Theopompo
951 598 1112 665 haec
1140 599 1331 664 dicit:
1376 591 1452 678 „5
1499 594 1573 662 δὲ
1603 594 1900 674 λεκτικὸς
1945 604 2061 677 (sc.
2090 594 2445 684 χαρακτὴρ)
2482 591 2639 661 Ἰσο-

507 699 730 792 κράτει
760 703 1054 790 μοίλιστα
1097 704 1269 774 ἔοικε
1303 758 1507 774 .....
1539 704 1915 775 διαλλάττει
1944 708 2019 774 δὲ
2060 708 2179 797 τῆς
2212 702 2643 794 Ἰσοκρατείου

507 815 678 882 κατὰ
720 817 835 905 τὴν
881 816 1244 905 πικρότητα
1287 818 1399 885 καὶ
1461 818 1576 885 τὸν
1619 816 1808 887 τόνον
1866 814 1968 885 ἐπ’
2019 817 2206 885 ἐνίων
2223 872 2239 901 ,
2286 814 2443 886 ὅταν
2487 817 2641 885 ἐπι-

505 925 725 1019 τρέψῃ
766 932 910 1007 τοῖς
955 926 1230 1012 πάθεσι,
1294 927 1584 1016 μάλιστα
1630 931 1671 996 δ
1681 924 1700 951 ³
1750 926 1906 997 ὅταν
1952 926 2237 1019 ὀνειδίζῃ
2283 926 2559 997 πόλεσιν
2604 925 2644 1019 ’ἢ

512 1047 903 1129 στρατηγοῖς
947 1042 1201 1131 πονηρὰ
1241 1039 1653 1129 βουλεύματα
1698 1042 1812 1109 καὶ
1855 1040 2135 1131 πράξεις
2178 1036 2459 1121 ἀδίκους.
2510 1066 2641 1108 πο-

508 1151 620 1231 λὺς
674 1153 798 1240 γὰρ
857 1152 926 1221 ἐν
985 1151 1243 1233 τούτοις
1308 1151 1366 1243 (ὁ
1429 1151 1638 1242 τόνος)
1662 1160 1687 1199 ²
1707 1158 1768 1237 3)
1834 1154 1951 1221 καὶ
2010 1160 2124 1243 τῆς
2171 1153 2645 1241 Δημοσθένους

505 1261 873 1352 δεινότητος
916 1260 1066 1333 οὐδὲ
1109 1265 1275 1333 κατὰ
1319 1268 1553 1354 μικρὸν
1583 1265 1904 1354 διαφέρει,
1952 1262 2043 1344 ὡς
2087 1265 2163 1349 ἐξ
2205 1263 2423 1333 ἄλλων
2468 1266 2641 1333 πολ.-

509 1376 640 1441 λῶν
685 1372 765 1443 ἄν
820 1402 923 1456 τις
980 1374 1118 1444 ἴδοι
1159 1372 1288 1445 κάκ
1351 1379 1478 1445 τῶν
1523 1382 1795 1445 Χιακῶν
1819 1382 1923 1463 ²⁴)
1970 1376 2364 1460 ἐπιστολῶν,
2426 1368 2509 1457 ἃς
2549 1368 2645 1465 ‘cos

507 1485 881 1577 (ἐναγωνίῳ)
901 1494 925 1529 ‘⁶'
943 1492 1006 1573 ⁵)
1064 1487 1387 1577 πνεύματι
1447 1490 1827 1578 ἐπιτρέψας
1883 1489 2261 1579 γέγραφεν.“
2360 1494 2437 1559 In
2496 1493 2644 1559 libri

505 1603 615 1686 qui
660 1607 762 1671 est
807 1605 888 1670 de
932 1602 1118 1671 Isaeo
1164 1622 1251 1671 cc.
1298 1605 1510 1670 3-13
1555 1605 1901 1690 Dionysius
1944 1605 2345 1671 demonstrat
2386 1605 2643 1671 Isaeum

504 1715 570 1782 in
609 1716 882 1784 dicendo
927 1718 1168 1782 maiore
1211 1735 1402 1799 quam
1445 1717 1706 1799 Lysiam
1750 1722 1893 1783 arte
1954 1735 2139 1781 usum
2185 1734 2325 1782 esse
2370 1722 2436 1781 et
2478 1716 2644 1782 hanc

505 1827 584 1892 ob
631 1846 766 1892 rem
811 1828 950 1895 eius
1009 1826 1427 1894 elocutionem
1483 1830 1843 1909 graviorem
1902 1847 2047 1895 esse
2090 1828 2646 1910 nervosioremque

504 1957 696 2021 quam
758 1939 990 2023 Lysiae
1007 1991 1024 2021 ‚
1088 1940 1618 2007 Demosthenieae
1680 1946 1894 2006 autem
1970 1934 2334 2023 δεινότητος
2399 1938 2643 2005 fontem

503 2055 698 2133 atque
743 2051 1052 2133 originem
1097 2070 1174 2117 ea
1218 2052 1551 2132 contineri,
1596 2050 1676 2117 cf.
1706 2052 1748 2116 3
1778 2072 1839 2133 p.
1871 2049 2020 2132 590,
2057 2058 2239 2116 1-6,
2290 2051 2370 2116 13
2399 2071 2460 2133 p.
2494 2052 2640 2133 608,

509 2169 733 2228 8-10,
781 2162 928 2245 611,
963 2170 1149 2228 3-6,

679 2273 808 2341 Sed
872 2280 1087 2343 tamen
1151 2276 1341 2342 huius
1406 2274 1650 2342 formae
1693 2274 1949 2342 dicendi
2014 2292 2177 2358 quae
2239 2274 2325 2341 sit
2386 2280 2640 2356 natura,

505 2385 853 2468 Dionysius
916 2406 1043 2453 non
1102 2389 1262 2454 satis
1306 2387 1665 2470 perspexit:
1728 2406 1959 2468 parum
2020 2405 2159 2452 eam
2222 2387 2518 2452 distinxit
2560 2385 2641 2450 ab

506 2495 853 2566 artificioso
913 2493 1246 2583 (τεχνικόν,
1295 2493 1662 2585 περίεργον)
1722 2503 1791 2565 et
1844 2499 2155 2564 inusitato
2216 2493 2641 2582 (ἐξηλλαγμέ-

508 2611 681 2691 νον),
746 2630 909 2694 quae
971 2611 1148 2676 illam
1194 2629 1384 2694 saepe
1443 2609 1745 2692 efficiunt,
1803 2629 2010 2693 neque
2067 2629 2217 2676 vero
2276 2611 2444 2676 idem
2490 2615 2642 2676 sunt

505 2727 700 2802 atque
745 2741 840 2788 ea.
926 2722 1067 2788 Hoc
1111 2724 1262 2788 inde
1307 2727 1611 2804 apparet,
1674 2724 1844 2805 quod
1886 2723 2093 2804 ipsam
2150 2721 2325 2786 illam
2370 2720 2640 2786 formam

505 2832 701 2897 etiam
745 2833 812 2898 in
858 2833 1215 2901 elocutione
1247 2833 1661 2918 Thucydides
1702 2835 1914 2900 inesse
1958 2839 2167 2915 putat,
2213 2831 2291 2900 cf.
2337 2834 2435 2900 De
2450 2832 2639 2900 ‚Thu-

681 3021 787 3100 23)
831 3025 1052 3084 Addidi
1091 3025 1223 3084 coll.
1255 3045 1316 3102 p.
1347 3029 1490 3098 995,
1537 3032 1598 3085 4.
1685 3024 2055 3086 Herwerden
2097 3025 2163 3082 in
2208 3024 2469 3084 editione
2515 3023 2639 3100 epi-

507 3123 790 3184 stolarum
835 3127 1171 3186 criticarum
1213 3127 1393 3187 trium
1441 3127 1526 3187 sic
1570 3128 1947 3187 scribendum
2000 3146 2127 3186 esse
2174 3131 2409 3186 censet:
2453 3118 2641 3194 πολῦς

507 3217 618 3305 γὰρ
665 3221 806 3310 (ῥεῖ)
853 3224 916 3286 ἐν
966 3223 1216 3299 τούτοις.

682 3330 790 3406 24)
835 3330 1082 3391 Oodices
1136 3333 1362 3394 habent
1404 3323 1667 3408 ἆχαικῶν
1711 3335 1814 3390 aut
1872 3324 2195 3408 ἆρχαϊκῶν,
2261 3331 2523 3390 correxit
2564 3334 2639 3392 Δ.

507 3429 805 3506 Sehsefer‚
850 3435 1322 3507 „Demosthenes
1365 3434 1488 3492 und
1531 3433 1697 3493 seine
1740 3433 1909 3494 Zeit“
1953 3433 2112 3507 111²,
2158 3455 2215 3510 p.
2256 3438 2378 3492 806
2425 3439 2548 3492 not.
2582 3438 2638 3492 2.

681 3534 788 3613 25)
833 3537 907 3596 In
952 3538 1153 3597 codice
1199 3538 1402 3597 Ambr.
1458 3535 1715 3614 spatium
1774 3556 2027 3597 vacuum
2087 3542 2255 3596 extat
2298 3535 2392 3594 IX
2434 3534 2534 3596 vel
2578 3535 2640 3593 X

505 3635 858 3696 litterarum.
945 3639 1317 3700 Hei-werden
1348 3639 1387 3697 l.
1424 3639 1465 3698 l.
1497 3639 1736 3716 scripsit
1765 3637 2030 3718 σφοδρῷ.
2120 3633 2456 3720 Ἐναγωνίῳ
2501 3657 2639 3698 con-

506 3737 651 3798 iecit
706 3739 938 3800 Usener
993 3741 1182 3801 libelli
1241 3741 1337 3803 oui
1391 3741 1698 3819 inscripsit
1739 3741 2054 3820 „Dionysii
2097 3741 2639 3802 Halicarnassensis

505 3841 793 3902 librorum
847 3845 918 3905 de
963 3843 1296 3906 imitatione
1338 3844 1667 3925 reliquiae“
1710 3864 1769 3920 p.
1804 3849 1903 3919 66,
1964 3845 2066 3905 sed
2112 3844 2358 3927 mavult,
2382 3845 2637 3903 scribere

507 3938 817 4028 συμφύτῳ.

2145 4052 2229 4110 3*
