3309 4675
1367 282 1747 352 ..5-

479 459 693 525 multo
737 459 936 525 levior
980 463 1080 524 est
1123 478 1312 541 quam
1358 464 1432 525 ut
1475 458 1746 524 alterum
1812 459 2015 525 altero
2060 478 2243 527 usum
2288 478 2429 525 esse
2471 460 2623 525 inde
2668 474 2675 481 ·

477 571 861 637 concludere
904 570 1114 651 liceat,
1179 572 1558 652 praesertim
1603 589 1746 636 cum
1794 570 2202 637 Philodemus
2248 573 2329 637 de
2372 571 2621 638 actione

483 687 741 748 tantum
800 683 1131 764 loquatur,
1195 682 1558 748 Demetrius
1618 690 1831 749 autem
1906 683 2115 765 longis
2178 683 2617 766 continuisque

475 794 766 875 periodis
825 794 1175 859 orationem
1238 812 1464 876 parum
1511 803 1847 860 venustam
1909 793 2049 861 fieri
2111 796 2354 876 doceat,
2410 794 2618 861 obiter

478 910 738 970 tantum
785 905 1076 971 indicans
1119 905 1264 971 illas
1311 908 1504 972 etiam
1546 904 1841 972 difficiles
1884 925 2025 973 esse
2068 908 2155 971 ad
2196 907 2614 989 pronuntian-

468 1016 634 1081 dum
681 1013 823 1099 (καὶ
866 1008 1352 1099 ἅποπνίγουσαι
1395 1014 1545 1094 τούς
1587 1015 1943 1100 λέγοντας).

655 1240 693 1322 ξ
737 1241 794 1305 2.
884 1240 1250 1306 Demetrius
1310 1240 1786 1324 compositionis
1860 1248 2169 1307 venustae
2233 1242 2615 1307 tractandae

475 1350 735 1417 initium
780 1350 938 1418 facit
998 1351 1099 1417 his
1145 1351 1357 1419 verbis
1404 1351 1469 1435 (ἓ
1503 1351 1656 1436 179)
1703 1347 1988 1437 ,,γίνεται
2048 1351 2123 1417 δὲ
2163 1351 2278 1417 καὶ
2342 1350 2416 1418 ἐκ
2460 1372 2611 1418 συν-

479 1460 741 1539 θέσεως
796 1461 871 1527 τὸ
915 1458 1277 1548 γλαφυρόν·
1336 1457 1479 1528 ἔστι
1539 1462 1661 1547 μὲν
1720 1454 1831 1527 οὗν
1898 1457 1971 1529 οὗ
2031 1459 2257 1552 ῥᾴδιον
2302 1462 2457 1550 περὶ
2499 1466 2613 1529 τοῦ

477 1569 727 1661 τρόπου
780 1577 896 1640 τοῦ
953 1573 1210 1639 τοιοῦδε
1275 1570 1522 1639 εἰπεῖν·
1584 1566 1735 1641 οὐδὲ
1780 1574 1903 1661 γὰρ
1960 1575 2090 1640 τῶν
2148 1573 2306 1663 πρὶν
2361 1570 2614 1663 εἴρηταί

478 1709 606 1751 τινι
650 1683 808 1773 περὶ
848 1684 1190 1772 γλαφυροῖς
1235 1683 1623 1763 συνθέσεως.
1668 1683 1837 1753 κατὰ
1880 1685 1957 1753 τὸ
1996 1685 2268 1753 δυνατὸν
2310 1686 2386 1753 δὲ
2430 1682 2608 1772 ὅμως

481 1795 824 1885 πειρατεόν
880 1796 1142 1882 λέγειν“,
1202 1797 1390 1864 finem
1451 1799 1553 1865 his
1600 1800 1667 1882 (ξ
1720 1799 1871 1882 186)
1930 1798 2128 1886 »περὶ
2184 1797 2303 1883 μὲν
2362 1796 2441 1886 δὴ
2497 1802 2612 1866 τοῦ

479 1908 646 1975 κατὰ
706 1905 1015 1976 σύνθεσιν
1074 1909 1405 1997 γλαφυροῦ
1464 1906 1978 1996 ἐπιφαινομένου
2019 1913 2332 1990 τοσαῦτα,
2394 1905 2484 1989 ὡς
2541 1908 2610 1975 ἒν

475 2017 880 2099 δυσκόλοιςίι.
970 2021 1215 2100 Quibus
1260 2021 1473 2088 verbis
1515 2023 1698 2089 Liers
1736 2023 2010 2089 Dissert.
2056 2042 2117 2104 p.
2149 2023 2251 2104 23,
2298 2021 2606 2089 Stilarten

475 2153 536 2215 p.
568 2133 695 2200 692
740 2132 907 2200 effici
953 2135 1137 2201 docet
1179 2134 1570 2200 Demetrium
1632 2141 1785 2201 ante
1830 2134 2194 2201 Ciceronem
2239 2140 2306 2201 et
2351 2136 2607 2218 Dionys

475 2245 680 2312 Halic.
743 2247 1099 2328 scripsisse,
1162 2247 1457 2328 quoniam
1539 2246 1763 2311 horum
1832 2252 2100 2329 uterque
2171 2246 2333 2313 illud
2408 2266 2608 2329 genus

473 2361 950 2441 compositionis
1018 2359 1411 2425 tractaverit.
1489 2396 1571 2406 -
1629 2360 1866 2425 Verum
1926 2366 2029 2425 est
2085 2359 2459 2442 Dionysium
2525 2361 2607 2425 de

473 2488 705 2551 genere
764 2471 1038 2551 quodam
1101 2471 1574 2552 compositionis
1592 2522 1608 2551 ,
1675 2472 1845 2552 quod
1903 2468 2240 2556 γλαφυρὰν
2297 2466 2608 2536 σύνθεσιν

472 2590 676 2657 vocat,
722 2583 974 2664 copiose
1018 2584 1399 2649 disseruisse
1442 2583 1566 2664 (De
1611 2601 1812 2664 comp.
1843 2582 2015 2649 verb.
2055 2583 2140 2648 23
2184 2603 2245 2665 p.
2281 2584 2407 2648 170
2428 2602 2599 2666 seqq.

473 2692 776 2759 editionis
823 2693 1224 2776 Reiskianae,
1286 2693 1382 2760 De
1425 2693 1754 2761 Demosth.
1796 2693 1887 2760 40
1926 2713 1988 2777 p.
2023 2693 2143 2759 107
2147 2695 2190 2760 5
2233 2696 2454 2778 seqq),
2500 2694 2603 2761 Ci-

473 2822 760 2870 ceronem
806 2807 1087 2872 eiusdem
1133 2807 1386 2889 generis
1429 2825 1878 2888 nonnunquam
1927 2807 2308 2872 mentionem
2354 2804 2598 2873 fecisse.

473 2913 602 2981 Sed
660 2915 817 2983 haec
872 2916 1170 3004 γλαφυρὰ
1233 2913 1544 2995 σύνθεσις
1598 2936 1727 2983 non
1785 2919 2004 2984 eadem
2064 2925 2166 2984 est
2226 2925 2419 3001 atque
2476 2918 2599 2984 De-

473 3028 805 3109 metriana,
863 3030 978 3095 sed
1022 3049 1286 3112 prorsus
1329 3031 1601 3097 diversa.
1691 3030 1875 3108 Quod
1930 3029 2232 3097 facillime
2274 3031 2596 3113 cognosci-

470 3158 631 3220 muS,
675 3141 732 3206 si
778 3139 1158 3207 conferimus
1202 3149 1515 3224 auctores,
1560 3161 1830 3224 quorum
1872 3143 1938 3207 in
1984 3143 2241 3224 scriptis
2281 3139 2397 3228 τὴν
2439 3141 2597 3225 γλα-

467 3247 678 3337 φυρὰν
722 3247 1027 3317 σύνθεσιν
1085 3253 1357 3319 inveniri
1397 3261 1669 3334 uterque
1728 3255 1930 3321 docet.
1976 3254 2341 3320 Demetrius
2400 3254 2439 3336 ὅ
2472 3255 2587 3320 181

466 3369 807 3446 postquam
852 3365 1018 3430 dixit
1060 3365 1515 3447 compositione
1558 3372 1904 3430 metrorum
1954 3365 2150 3432 simili
2194 3371 2592 3432 venustatem

467 3473 655 3555 effici,
716 3474 875 3542 haec
935 3477 1152 3542 addit:
1217 3473 1370 3556 „uoti
1413 3475 1729 3542 πλεῖστον
1787 3475 1908 3561 μὲν
1950 3473 2026 3543 τὸ
2088 3480 2377 3543 τοιοῦτον
2418 3467 2596 3554 εἶδός

466 3581 609 3650 ἐστι
671 3584 854 3672 παρὰ
912 3589 1059 3665 τοῖς
1101 3591 1660 3673 Περιπατητικοῖς
1715 3584 1829 3652 καὶ
1885 3586 2071 3674 παρὰ
2114 3583 2425 3653 Πλάτωνι
2480 3583 2594 3652 καὶ

468 3694 654 3783 παρὰ
696 3695 1069 3784 Ξενοφῶντι
1125 3695 1239 3763 καὶ
1265 3692 1602 3785 εΗροδότῳ
1617 3749 1634 3779 ,
1695 3694 1863 3779 τάχα
1920 3697 1995 3764 δὲ
2052 3696 2165 3764 καὶ
2221 3696 2405 3785 παρὰ
2451 3702 2589 3784 Δη-

463 3806 780 3894 μοσθένει
825 3809 1174 3890 πολλαχοῦ,
1227 3806 1624 3896 Θουκυδίδης
1667 3806 1890 3894 μέντοι
1920 3808 2201 3897 πέφευγε
2244 3807 2319 3875 τό
2349 3800 2591 3887 εἶδος.“

464 3921 521 3988 E
583 3926 889 4006 quattuor
948 3921 1133 4002 locis,
1192 3940 1351 4006 quos
1410 3923 1493 3987 ad
1562 3921 2009 3987 illustrandam
2074 3921 2589 4004 compositionem
