3309 4675
1527 287 1947 349 *42-

674 476 816 521 eum
863 463 1014 523 ante
1060 458 1525 540 Hermogenem
1574 458 2159 540 scripsisse;·quod
2204 459 2354 524 inde
2401 458 2614 541 colligi
2657 463 2801 540 pot-

671 577 792 651 est,
837 571 1010 653 quod
1041 570 1428 651 Demetrius,
1475 571 1530 635 si
1573 573 1723 650 post
1766 569 1943 634 illum
1976 570 2361 651 scripsisset,
2406 570 2581 634 haud
2610 568 2802 634 dubie

671 684 874 748 multa
919 702 996 748 ex
1042 684 1178 747 eius
1221 682 1382 745 libro
1426 683 1492 746 in
1537 700 1723 747 suum
1770 681 2228 748 transtulisset.

843 905 880 985 ξ
925 905 1023 968 21.
1115 904 1212 967 Ex
1243 903 1465 969 eodem
1498 902 1752 985 Syriani
1795 902 1935 967 loco
1967 903 2271 968 discimus
2317 904 2396 968 ab
2431 904 2801 985 Hipparcho

670 1018 966 1097 quodam,
1013 1016 1192 1081 cuius
1221 1017 1396 1096 apud
1439 1014 1682 1080 nullum
1716 1014 1907 1079 alium
1956 1034 2032 1080 ex
2064 1013 2431 1080 auctoribus
2477 1016 2802 1080 veteribus

669 1129 906 1192 mentio
938 1128 1030 1207 fit,
1076 1128 1350 1209 quinque
1379 1146 1615 1207 genera
1660 1126 1913 1192 dicendi
1944 1144 2086 1192 esse
2132 1128 2449 1208 instituta,
2498 1146 2533 1192 e
2572 1128 2801 1211 quibus

670 1246 978 1321 quattuor
1021 1239 1220 1304 fuisse
1266 1239 1487 1303 eadem
1532 1243 1726 1321 atque
1778 1256 1941 1319 quae
1989 1238 2355 1303 Demetrius
2399 1239 2798 1320 tractaverit,

671 1351 960 1433 quintum
1006 1344 1323 1434 γραφικόν
1387 1356 1682 1415 vocatum
1728 1367 1885 1414 esse.
1977 1349 2120 1415 Hac
2177 1368 2329 1416 voce
2390 1349 2798 1416 manifestum

670 1469 772 1529 est
813 1465 880 1527 id
940 1481 1141 1545 genus
1203 1462 1578 1527 elocutionis
1637 1461 1718 1525 ab
1763 1461 2136 1542 Hipparcho
2198 1462 2591 1543 appellatum
2638 1482 2799 1551 esse,

670 1575 841 1657 quod
884 1575 1198 1655 imprimis
1229 1575 1548 1667 Isocrates
1596 1574 1861 1655 eiusque
1902 1573 2233 1638 auditores
2264 1574 2615 1639 coluerunt.
2707 1574 2801 1639 De

669 1688 952 1769 γραφικῇ
1010 1682 1181 1764 λέξει
1244 1687 1372 1749 iam
1417 1683 1803 1749 Aristoteles
1848 1683 2031 1749 Rhet.
2078 1685 2197 1765 III,
2250 1684 2329 1747 12
2387 1686 2677 1766 disserit3
2740 1686 2799 1751 ei

669 1792 780 1884 τὴν
824 1790 1253 1882 ἀγωνιστικὴν
1313 1796 1578 1878 opponit
1621 1802 1689 1861 et
1744 1796 1910 1861 hanc
1956 1797 2020 1860 in
2064 1798 2611 1878 pronunciandum
2655 1806 2798 1863 tan-

670 1915 825 1989 tum,
871 1910 1046 1973 illam
1092 1911 1158 1973 in
1203 1910 1537 1990 legendum
1583 1914 1834 1973 tantum
1880 1909 2067 1974 docet
2110 1910 2463 1975 convenire.
2552 1911 2799 1974 Isocra-

669 2030 836 2085 team
902 2029 1114 2085 autem
1161 2020 1585 2086 elocutionem
1649 2020 1735 2084 ad
1794 2019 2134 2101 legendum
2197 2027 2448 2085 tantum
2467 2072 2481 2097 ,
2545 2041 2670 2087 non
2716 2023 2799 2085 ad

669 2134 1214 2212 pronunciandum
1278 2133 1615 2197 convenire
1680 2132 1863 2196 multi
1939 2137 2273 2197 auctorum
2334 2139 2617 2197 veterum
2683 2133 2797 2197 do-

671 2253 974 2325 cuerunt,
1019 2250 1092 2307 ut
1135 2244 1560 2326 Hieronymus
1607 2262 1684 2307 eo
1729 2241 2126 2325 fragmentO,
2173 2245 2344 2325 quod
2390 2251 2455 2309 et
2500 2242 2797 2308 Philode-

669 2377 810 2423 mus
857 2357 951 2422 De
996 2364 1136 2422 arte
1181 2356 1414 2421 rhetor.
1462 2355 1554 2420 IV
1599 2357 1714 2421 col.
1768 2357 1844 2420 18
1893 2376 1948 2420 v.
2002 2356 2081 2420 13
2140 2357 2265 2437 (ed.
2315 2356 2587 2437 Spengel
2630 2355 2793 2420 Abh.

667 2471 782 2534 der
827 2468 1304 2550 philos-philol.
1353 2468 1442 2534 Cl.
1485 2470 1602 2532 der
1644 2468 1834 2550 Bayr.
1871 2469 2073 2532 Akad.
2106 2467 2204 2531 III
2246 2487 2306 2549 p.
2342 2467 2495 2548 223)
2542 2473 2610 2533 et
2645 2466 2796 2532 Dio-

667 2581 886 2662 nysius
947 2580 1152 2645 Halic.
1213 2580 1308 2644 De
1366 2581 1558 2644 Isocr.
1609 2579 1689 2643 13
1748 2601 1807 2662 p.
1841 2577 1987 2657 560,
2011 2582 2043 2638 7
2110 2588 2545 2659 servaverunt.
2654 2580 2797 2656 Qua

666 2692 912 2755 ratione
969 2711 1122 2756 usus
1166 2691 1577 2773 Hipparchus
1640 2691 1919 2772 quinque
1977 2690 2089 2754 illa
2145 2709 2381 2772 genera
2435 2690 2795 2756 instituisse

667 2803 820 2868 mihi
867 2803 1178 2883 videatur,
1243 2805 1282 2881 ξ
1321 2803 1397 2896 10
1457 2803 1739 2883 exposui.
1832 2802 1972 2879 Qua
2033 2808 2243 2867 autem
2312 2821 2382 2867 re
2428 2801 2795 2868 Demetrius

667 2921 1018 2980 commotus
1049 2916 1154 2994 sit,
1198 2920 1271 2977 ut
1315 2932 1517 2993 genus
1547 2913 1922 2995 graphicum
1968 2933 2093 2977 non
2138 2919 2469 2994 tractaret,
2517 2931 2637 2994 ego
2670 2931 2793 2978 non

667 3045 1000 3108 persplclo.

839 3249 875 3329 ξ
922 3249 1021 3312 22.
1113 3249 1342 3313 Restat
1400 3256 1473 3312 ut
1519 3269 1628 3328 ea,
1692 3268 1857 3330 quae
1902 3249 1983 3313 de
2044 3249 2318 3312 historia
2361 3249 2792 3313 doctrinarum

665 3361 749 3424 ad
793 3351 1031 3441 genera
1092 3360 1342 3425 dicendi
1404 3360 1860 3440 pertinentium
1924 3361 2220 3425 contendi
2279 3378 2469 3440 posse
2530 3360 2791 3425 demon-

666 3474 886 3553 stravi,
933 3472 1296 3537 summatim
1344 3472 1654 3554 colligam.

838 3582 1090 3648 Primus
1136 3590 1208 3648 ut
1253 3585 1506 3656 videtur
1566 3603 1805 3666 genera
1861 3584 2114 3650 dicendi
2158 3583 2636 3665 Theophrastus
2694 3583 2789 3646 in-

666 3695 895 3760 stituit.
985 3696 1052 3758 Is
1098 3700 1355 3760 secutus
1401 3714 1495 3776 ea,
1559 3714 1725 3776 quae
1772 3695 2155 3760 Aristoteles
2201 3696 2375 3760 Poet.
2426 3713 2476 3758 c.
2523 3694 2605 3759 22
2649 3695 2789 3759 init.

666 3815 733 3871 et
774 3807 1034 3872 Rhetor.
1083 3806 1181 3870 III
1227 3826 1277 3872 c.
1325 3809 1364 3871 2
1407 3807 1542 3872 init.
1590 3808 1863 3888 dixerat,
1910 3809 2035 3872 tria
2080 3827 2219 3872 esse
2270 3825 2508 3889 genera
2551 3808 2788 3886 docuit,

666 3917 931 3982 sublime
990 3925 1190 4001 tenue
1224 3919 1535 3998 medium;
1596 3938 1761 4001 quae
1814 3919 2192 4002 pervulgata
2254 3926 2402 3984 sunt
2462 3925 2529 3984 et
2588 3917 2790 3982 multa
