3309 4675
1549 314 1973 381 ,26-

685 486 984 552 docuisse
1029 484 1298 551 sublime
1343 490 1410 552 et
1454 489 1666 567 tenue,
1710 506 1854 553 cum
1898 487 2243 569 plurimum
2294 488 2465 554 inter
2510 507 2581 555 se
2622 488 2824 555 dista-

684 600 850 678 rent,
911 597 1050 663 sola
1091 615 1328 679 genera
1370 598 1753 680 principalia
1810 616 1951 663 esse
1968 646 1986 679 ,
2044 598 2213 664 inter
2258 616 2336 665 ea
2378 604 2713 665 venustum
2758 604 2825 667 et

683 707 1028 774 vehemens
1071 710 1284 775 media
1341 728 1504 791 esse,
1563 710 1685 775 hoc
1742 708 1998 775 sublimi
2056 710 2344 792 propius,
2407 710 2566 777 illud
2627 714 2821 777 tenui.

684 819 821 885 Hos
865 820 934 885 id
979 826 1306 903 spectasse
1350 828 1643 904 apparet,
1705 828 1779 888 ut
1823 840 2011 905 quam
2074 823 2405 887 minimum
2450 841 2491 887 a
2533 825 2825 890 doctrina

684 932 1163 1015 Theophrastea
1205 932 1627 1000 discederent.
1719 934 1941 1017 Neque
1987 952 2139 999 vero
2169 934 2539 1000 Demetrius
2582 935 2665 1000 iis
2706 938 2822 1001 ad-

683 1044 1050 1126 stipulatur,
1096 1044 1212 1110 sed
1256 1046 1367 1109 uni
1410 1045 1638 1128 cuique
1684 1064 1719 1111 e
1764 1050 2068 1127 quattuor
2112 1044 2452 1128 generibus
2496 1049 2824 1129 propriam

683 1161 979 1221 naturam
1041 1173 1182 1221 esse
1227 1161 1446 1223 censet
1473 1160 1497 1197 ¹
1515 1157 1595 1238 ⁵).
1688 1156 1860 1222 Illud
1905 1158 2181 1240 denique
2225 1156 2461 1225 addere
2503 1158 2694 1241 libet,
2758 1166 2825 1226 et

682 1266 1110 1349 Theophrasti
1154 1268 1512 1334 doctrinam
1572 1274 1641 1336 et
1684 1269 2164 1335 Demetrianam
2209 1268 2431 1335 formis
2474 1260 2820 1353 geometri-

683 1380 774 1444 cis
817 1379 1129 1445 illustrari
1181 1397 1404 1461 posse:
1471 1380 1647 1446 illam
1707 1381 1880 1447 linea
1941 1386 2137 1461 recta,
2196 1382 2375 1446 cuius
2432 1387 2655 1463 partes
2713 1402 2819 1449 ex-

683 1497 924 1557 tremae
953 1510 1191 1574 genera
1235 1491 1506 1559 sublime
1537 1497 1604 1559 et
1648 1500 1843 1560 tenue
1873 1491 2254 1576 significant,
2299 1511 2451 1574 pars
2480 1495 2822 1561 interiecta

681 1622 884 1686 genus
927 1603 1240 1684 medium;
1285 1603 1767 1671 Demetrianam
1798 1603 2053 1686 circulo,
2100 1606 2164 1670 in
2210 1625 2337 1688 quo
2366 1624 2603 1687 genera
2646 1608 2821 1688 pari-

678 1714 800 1779 bus
862 1714 1218 1781 intervallis
1276 1716 1561 1783 discreta
1619 1717 1747 1782 sita
1802 1720 1951 1782 sunt
2008 1718 2105 1782 ita
2161 1721 2235 1782 ut
2290 1717 2545 1783 sublimi
2602 1718 2822 1800 generi

680 1826 1072 1891 contrarium
1117 1828 1204 1892 sit
1248 1832 1469 1909 tenue,
1514 1833 1787 1894 venusto
1829 1827 2173 1894 vehemens
2187 1881 2204 1911 ,
2264 1829 2422 1893 ordo
2465 1830 2667 1912 igitur
2707 1850 2818 1913 ge-

679 1955 903 2003 nerum
947 1937 1053 2005 hic
1097 1940 1215 2005 sit:
1263 1938 1555 2021 sublime,
1601 1944 1959 2021 venustum,
2006 1945 2217 2022 tenue,
2262 1941 2635 2023 vehemens;
2699 1942 2820 2008 hoc

861 2231 963 2310 15)
1009 2230 1172 2308 §37,
1237 2252 1355 2312 qua
1397 2232 1739 2294 Demetrius
1796 2235 1965 2294 illam
2008 2234 2275 2313 priorum
2322 2235 2664 2313 opinionem
2727 2256 2821 2295 re-

680 2336 854 2413 futat,
913 2335 1049 2396 talis
1095 2334 1288 2416 qualis
1345 2336 1602 2397 traditur
1645 2357 1821 2397 sensu
1867 2343 2045 2399 caret.
2134 2339 2235 2398 Illi
2297 2336 2455 2396 enim
2498 2340 2559 2398 id
2604 2358 2712 2415 pro
2760 2359 2823 2399 se

681 2438 876 2498 facere
939 2439 1232 2510 dicebant,
1295 2440 1452 2519 quod
1499 2441 1754 2500 sublime
1817 2459 2004 2516 genus
2063 2441 2231 2501 tenui
2294 2460 2416 2500 non
2460 2440 2825 2518 misceretur,

684 2559 816 2600 cum
863 2545 1123 2600 ceterum
1186 2541 1386 2600 omnia
1445 2561 1667 2618 genera
1725 2543 2116 2604 miscerentur
2176 2542 2481 2616 omnibus;
2548 2543 2660 2603 hoc
2708 2543 2823 2601 De-

683 2643 932 2702 metrius
961 2649 1276 2722 postquam
1297 2640 1353 2720 ξ
1378 2649 1456 2703 36
1489 2645 1741 2718 rettulit,
1786 2647 1920 2720 §37
1956 2645 2029 2704 ad
2073 2644 2210 2704 illos
2242 2646 2587 2706 refutandos
2617 2647 2823 2704 eodem

683 2750 1030 2820 argumento
1091 2747 1222 2824 ipse
1279 2747 1485 2807 utitur.
1575 2748 1859 2806 Mendum
1925 2747 1991 2805 in
2050 2748 2145 2806 his
2203 2747 2398 2806 inesse
2444 2747 2821 2808 manifestum

682 2853 789 2922 est,
850 2867 1188 2927 quanquam
1252 2869 1455 2908 eorum
1480 2895 1495 2921 ,
1555 2851 1661 2928 qui
1716 2851 1910 2909 adhuc
1970 2851 2043 2908 de
2086 2849 2394 2908 Demetrio
2440 2849 2823 2927 scripserunt,

682 2969 857 3009 nemo
915 2949 982 3007 in
1037 2950 1112 3010 iis
1155 2952 1395 3012 videtur
1438 2953 1776 3011 offendisse.
1861 2953 2009 3012 Loci
2069 2951 2317 3011 sanandi
2379 2951 2601 3010 nullam
2646 2951 2821 3010 aliam

681 3051 858 3112 video
903 3051 1212 3126 rationem,
1273 3054 1390 3113 nisi
1435 3061 1504 3114 ut
1563 3073 1907 3115 censeamus
1964 3060 2103 3131 post
2156 3054 2303 3112 illud
2350 3044 2599 3131 ὁρῶμεν,
2664 3055 2821 3132 quod

681 3155 744 3212 in
790 3153 982 3230 prima
1037 3157 1411 3234 paragrapho
1474 3162 1663 3229 extat,
1723 3178 1930 3218 vocem
1987 3151 2094 3231 μὲν
2137 3156 2511 3218 intercidisse
2570 3160 2633 3215 et
2684 3161 2823 3231 post

684 3249 910 3332 πολλὴν
955 3251 1018 3316 δὲ
1063 3251 1372 3334 δεινότητα
1417 3277 1476 3315 τε
1520 3255 1625 3318 καὶ
1670 3253 1839 3336 χάριν
1881 3261 2029 3320 haec
2057 3261 2242 3320 verba
2284 3251 2491 3334 ,ὅμως
2536 3252 2600 3315 δὲ
2644 3249 2821 3316 οὐδὲν

681 3347 862 3434 ἦττον
906 3350 948 3434 ἦ
993 3353 1259 3437 δεινότης
1302 3358 1402 3420 καὶ
1450 3353 1493 3437 ἦ
1536 3355 1704 3440 χάρις
1747 3355 2130 3420 ἅντίκεισθον
2174 3353 2216 3437 ἢ
2260 3352 2302 3436 ἦ
2344 3357 2817 3439 μεγαλοπρέπεια

681 3458 783 3522 καὶ
829 3453 870 3538 ἦ
915 3456 1222 3540 ἷσχνότης“
1268 3464 1368 3525 vel
1411 3466 1625 3524 horum
1669 3463 1917 3535 similia3
1964 3465 2038 3524 cf.
2094 3483 2246 3544 quae
2290 3465 2323 3538 ᾖ
2356 3467 2479 3522 258
2528 3464 2600 3522 de
2644 3481 2819 3538 gene-

681 3565 846 3625 ribus
888 3571 1142 3627 venusto
1190 3572 1252 3627 et
1292 3567 1635 3628 vehementi
1666 3567 2005 3627 Demetrius
2050 3565 2226 3626 dicit:
2269 3553 2479 3641 ,,οὗτοι
2524 3555 2583 3622 δ’
2622 3561 2684 3623 οἱ
2722 3584 2819 3639 χα-

682 3668 972 3746 ρακτῆρες
1017 3663 1435 3728 ἐναντιώτατοι
1480 3667 1825 3728 δοκοῦσιν.“
1870 3701 1954 3712 —
2018 3669 2177 3728 Miro
2223 3669 2396 3728 modo
2442 3687 2638 3747 neque
2684 3685 2816 3726 cum

680 3769 882 3831 verbis
943 3771 1232 3831 Demetrii
1292 3771 1677 3832 convenienti
1737 3770 1931 3831 locum
1992 3771 2422 3848 interpretatus
2502 3775 2593 3828 est
2649 3767 2819 3827 Liers

681 3872 968 3934 Stilarten
1012 3894 1072 3951 p.
1108 3874 1254 3936 697.

2919 0 3288 13 Μαι-ψ*
