3309 4675
1507 309 1931 375 ..30-

657 488 874 550 menta
936 483 1122 549 docet
1183 500 1326 549 esse
1382 480 1582 549 haec:
1648 475 1972 561 διάνοιαν,
2036 474 2247 559 λέξιν,
2297 472 2637 562 σύνθεσινς
2699 480 2799 545 Ι)6

656 598 852 661 Isocr.
897 595 938 659 3
983 614 1047 676 p.
1080 594 1226 675 539,
1251 600 1322 655 11
1392 594 1508 657 τοῦ
1566 588 1851 676 μεγάλου
1895 589 2009 657 καὶ
2055 592 2291 674 σεμνοῦ
2334 588 2449 655 κἀἱ
2492 591 2799 676 περιττοῦ

658 704 728 771 ἐν
767 703 939 787 λέξει
968 704 991 745 1
1008 705 1072 789 ⁹)
1140 707 1458 772 elementa
1502 705 1947 787 Theophrasto
2006 707 2271 770 auctore
2330 722 2473 770 esse
2531 700 2799 789 ἐκλογὴν

655 817 786 882 τῶν
849 810 1219 902 ὀνομάτων,
1289 810 1635 902 ἁρμονίαν,
1682 814 1764 879 τα
1810 812 2386 899 περιλαμβάνοντα
2430 804 2593 877 αὐτοὶ
2640 806 2795 899 σχή-

655 952 852 1016 ματα,
895 930 1128 996 deinde
1157 930 1225 995 in
1269 926 1709 1014 πραγματικῷ
1740 922 1971 1013 τρόπῳ
2014 927 2356 993 tractando
2387 944 2437 991 c.
2470 928 2514 989 4
2557 944 2618 1007 p.
2652 925 2799 1005 543,

662 1050 828 1104 4—6
875 1042 1195 1125 quoddam
1240 1040 1325 1106 ad
1368 1040 1538 1106 illius
1582 1040 1845 1107 virtutis
1890 1032 2188 1103 διάνοιαν
2231 1038 2562 1121 pertinens
2593 1036 2799 1103 affert.

657 1156 846 1221 Unde
887 1155 1026 1220 veri
1067 1153 1274 1218 simile
1317 1151 1394 1217 fit
1422 1153 1714 1234 Dionysii
1758 1155 1977 1217 aetate
2018 1151 2083 1217 in
2115 1150 2411 1215 omnibus
2451 1148 2800 1215 virtutibus

659 1267 983 1333 additiciis
1029 1258 1342 1343 διάνοιαν,
1390 1258 1587 1343 λέξιν,
1632 1258 1945 1327 σύνθεσιν
1988 1263 2328 1329 distinctas
2391 1280 2551 1327 esse.
2642 1261 2801 1327 Cae-

660 1380 872 1445 cilium
918 1395 1173 1461 quoque
1226 1376 1311 1442 ad
1354 1375 1659 1456 libellum,
1720 1395 1908 1459 quem
1954 1375 2333 1456 conscripsit
2390 1376 2471 1439 de
2516 1372 2800 1439 sublimi-

659 1497 817 1573 tate,
861 1490 1329 1571 disponendum
1389 1487 1550 1553 haec
1613 1486 1747 1553 tria
1790 1487 2105 1554 elementa
2160 1485 2525 1551 adhibuisse
2573 1503 2803 1568 magna

660 1623 801 1669 cum
885 1600 1339 1685 probabilitate
1416 1600 1690 1665 coniecit
1750 1599 1940 1665 Blass
2001 1598 2253 1665 Griech.
2315 1596 2803 1663 Beredsamkeit

661 1736 722 1797 p.
773 1714 917 1780 202.
1031 1713 1107 1777 In
1171 1712 1518 1778 virtutibus
1586 1712 1967 1778 necessariis
2031 1710 2323 1793 Dionysii
2389 1714 2603 1775 aetate
2668 1709 2802 1773 veri

660 1828 867 1893 simile
912 1829 1016 1891 est
1058 1829 1307 1890 tantum
1355 1819 1534 1904 λέξιν
1577 1829 1648 1890 et
1691 1816 2002 1887 σύνθεσιν
2044 1823 2387 1889 distinctas
2432 1841 2593 1889 esse.

830 1936 972 2002 Hac
1014 1936 1079 2001 in
1137 1956 1209 2002 re
1267 1954 1505 2018 genera
1547 1936 1964 2001 Demetriana
2024 1954 2064 1999 a
2105 1935 2517 2017 Dionysianis
2561 1935 2799 1999 discre-

658 2054 817 2131 pant
834 2101 850 2130 ‚
913 2066 1055 2112 cum
1101 2048 1265 2113 ideis
1324 2044 1600 2113 faciunt:
1662 2067 1859 2112 unum
1904 2047 2199 2129 quodque
2259 2046 2430 2111 enim
2491 2064 2568 2109 ex
2611 2044 2691 2107 iis
2737 2047 2802 2106 et

663 2163 748 2226 ad
792 2155 1086 2224 διάνοιαν
1131 2165 1199 2225 et
1241 2160 1327 2223 ad
1370 2153 1551 2239 λέξιν
1595 2164 1662 2224 et
1705 2160 1789 2223 ad.
1834 2151 2144 2222 σύνθεσιν
2186 2158 2488 2240 pertinet.

833 2384 870 2465 ξ
919 2384 1016 2448 13.
1106 2383 1330 2465 Neque
1391 2385 1455 2449 in
1514 2383 1637 2448 hac
1703 2401 1775 2448 re
1834 2382 2005 2464 sola,
2068 2383 2184 2447 sed
2248 2381 2505 2446 omnino
2570 2397 2805 2463 genera

666 2495 1081 2560 Demetriana
1123 2494 1436 2560 virtutum
1487 2493 1866 2559 elocutionis
1912 2492 2221 2558 similiora
2266 2495 2418 2558 sunt
2461 2509 2648 2572 quam
2696 2507 2803 2570 ge-

665 2625 889 2672 nerum
935 2605 1189 2671 dicendi
1233 2624 1548 2671 verorum.
1637 2603 1924 2686 (Genera
1965 2623 2121 2670 vera
2164 2605 2308 2669 dico
2351 2603 2529 2684 talia,
2590 2602 2806 2685 qualia

665 2725 817 2783 sunt
861 2716 1394 2799 Theophrastea.)

844 2831 1057 2912 Atque
1100 2830 1182 2894 de
1228 2828 1613 2911 discrimine,
1659 2829 1831 2911 quod
1888 2828 2144 2894 intersit
2187 2827 2357 2892 inter
2401 2819 2582 2900 ἰδέας
2624 2814 2805 2907 (ἄρε-

667 2937 814 3024 mig)
861 2946 928 3006 et
967 2941 1410 3026 χαρακτῆρας,
1475 2940 1661 3006 Liers
1705 2939 2079 3006 Ideenlehre
2121 2960 2183 3022 p.
2216 2938 2344 3004 585
2386 2937 2545 3002 haec
2588 2935 2802 2999 docet:

671 3054 832 3138 „Die
862 3053 1059 3118 Ideen
1106 3053 1250 3118 sind
1279 3052 1583 3133 abstract‚
1629 3070 1700 3117 es
1746 3053 1891 3117 sind
1919 3049 2219 3132 Begriffe,
2262 3051 2331 3115 in
2361 3047 2806 3114 Wirklichkeit

668 3165 1008 3230 existieren
1071 3165 1163 3230 sie
1229 3165 1295 3228 in
1354 3162 1531 3230 ihrer
1589 3163 1890 3230 Reinheit
1949 3163 2128 3228 nicht
2161 3212 2369 3228 .....
2441 3162 2515 3226 Ι11
2562 3160 2806 3224 diesem

670 3276 864 3342 Sinne
897 3275 1110 3341 bildet
1168 3293 1238 3341 es
1281 3274 1434 3359 (vox
1476 3273 1688 3359 ideae)
1734 3277 1859 3341 den
1904 3273 2265 3356 Gegensatz
2322 3293 2404 3337 zu
2442 3263 2804 3356 χαρακτήρε

669 3390 881 3454 dieser
938 3389 1025 3453 ist
1069 3392 1267 3453 etwas
1329 3393 1657 3452 concretes
1718 3387 1852 3451 und
1912 3385 2283 3451 bezeichnet
2324 3385 2448 3450 den
2496 3381 2617 3448 Stil
2648 3431 2663 3444 .
2694 3432 2708 3445 .
2744 3432 2757 3446 .
2792 3430 2807 3443 .

669 3500 942 3567 welcher
970 3498 1109 3565 sich
1154 3518 1272 3564 aus
1301 3500 1427 3564 den
1457 3496 1985 3580 mannigfaltigen
2018 3496 2437 3578 Mischungen
2468 3496 2584 3559 der
2612 3494 2804 3558 Ideen

669 3607 944 3695 (μίξεις)
973 3611 1108 3676 1111(1
1137 3610 1455 3676 einzelner
1483 3609 1706 3676 Theile
1736 3609 2070 3675 derselben
2095 3607 2299 3674 bildet
2330 3655 2542 3672 .....
2580 3605 2808 3670 Dieser

854 3845 956 3923 19)
1001 3846 1138 3904 Non
1184 3850 1342 3905 recte
1387 3844 1733 3906 Volkmann
1791 3863 1849 3920 p.
1886 3846 2006 3901 533
2071 3840 2167 3900 his
2227 3840 2427 3900 verbis
2490 3858 2677 3914 genus
2720 3836 2805 3894 di-

675 3951 844 4013 cendi
891 3948 1210 4024 significari
1258 3952 1463 4023 putat3
1529 3966 1735 4008 verum
1781 3945 1935 4005 vidit
1980 3944 2149 4002 Liers
2193 3943 2546 4002 Ideenlehre
2577 3961 2635 4018 p.
2662 3940 2802 3999 578.
