3309 4675
1412 320 1430 367 :
1484 285 1685 395 ³⁸²³.
1739 288 1782 355 2
1868 327 1948 337 .-

693 461 1099 529 carnassensi
1143 460 1472 544 aequalem
1519 466 1633 526 aut
1677 460 2039 527 inferiorem
2085 460 2286 528 fuisse
2329 468 2712 529 censuerunt
2730 464 2823 546 1);

690 592 892 655 neque
956 592 1106 639 vero
1170 573 1503 655 quisquam
1572 574 1969 655 argumentis
2041 574 2110 638 id
2176 574 2339 639 satis
2404 572 2820 640 confirmavit.

691 684 818 751 Sed
884 684 986 751 his
1044 684 1353 765 proximis
1415 684 1601 749 annis
1660 684 1946 749 nonnulli
2010 684 2210 766 priori
2272 686 2475 751 aetati
2536 684 2820 751 libellum

689 802 1074 863 censuerunt
1133 796 1630 862 adiudicandum
1692 814 1854 862 esse.
1939 795 2148 862 Zeller
2204 794 2645 878 (Philosophie
2705 799 2821 863 der

689 907 1002 974 Griechen
1046 908 1132 990 Π,
1177 909 1219 973 2
1261 908 1415 973 edit.
1460 908 1558 973 111
1601 927 1663 989 p.
1695 908 1779 975 58
1840 913 1973 973 not.
2002 910 2063 986 3,
2123 927 2186 989 p.
2221 908 2342 973 148
2402 926 2542 973 cum
2588 916 2719 974 not.
2751 909 2820 992 8)

686 1019 970 1087 libellum
1030 1024 1181 1085 ante
1242 1018 1607 1085 Ciceronem
1671 1024 1737 1084 et
1801 1018 2233 1085 Andronicum
2291 1020 2610 1085 Rhodium
2672 1039 2818 1087 con-

687 1131 898 1197 tendit
966 1132 1275 1213 scriptum
1347 1150 1524 1212 esse3
1598 1136 1979 1213 argumenta
2050 1139 2262 1197 tamen
2330 1133 2507 1198 nulla
2576 1132 2818 1199 attulit.

686 1242 846 1308 Dein
892 1242 1271 1321 Durassier,
1331 1243 1442 1324 qui
1500 1242 1785 1308 libellum
1831 1261 1999 1308 anno
2048 1244 2214 1309 1875
2273 1243 2503 1325 gallice
2561 1263 2817 1309 versum

685 1354 908 1434 edidit,
950 1373 1056 1435 pp.
1090 1354 1424 1419 XII—XV
1471 1354 1741 1421 coniecit
1770 1355 1908 1420 eius
1952 1362 2275 1420 auctorem
2307 1355 2581 1436 primum
2616 1354 2817 1422 fuisse

686 1463 1085 1545 Phalereum,
1146 1466 1205 1531 is
1249 1472 1463 1531 autem
1524 1485 1689 1548 quae
1732 1467 2221 1548 conscripsisset
2274 1474 2500 1548 postea
2562 1466 2645 1533 ab
2690 1469 2817 1534 alio

683 1582 1040 1643 retractata
1083 1584 1373 1644 correcta
1415 1584 1607 1645 aucta
1649 1596 1827 1659 esse3
1872 1580 2043 1660 quod
2085 1596 2211 1659 quo
2245 1586 2533 1660 tempore
2574 1577 2816 1644 factum

683 1690 773 1755 sit
828 1689 1079 1756 nesciri.
1167 1692 1349 1754 Anno
1410 1708 1560 1755 vero
1621 1690 1784 1756 1881
1835 1690 1914 1755 Η.
1960 1689 2143 1755 Liers
2200 1690 2654 1757 dissertatione
2716 1692 2818 1756 cui

681 1801 1014 1883 inscripsit
1074 1800 1210 1884 „De
1270 1806 1488 1867 aetate
1553 1808 1620 1868 et
1686 1802 2000 1884 scriptore
2061 1801 2211 1867 libri
2270 1802 2380 1884 qui
2438 1800 2647 1867 fertur
2691 1802 2816 1867 De-

681 1915 894 1979 metrii
939 1912 1234 1979 Phalerei
1279 1910 1436 1997 περὶ
1477 1907 1857 1999 ἑρμηνείας*
1903 1915 2345 1981 demonstrare
2405 1919 2671 1980 conatus
2715 1919 2817 1979 est

681 2045 753 2091 re
794 2044 950 2091 vera
991 2024 1275 2091 libellum
1337 2044 1378 2089 a
1421 2023 1735 2091 Phalereo
1776 2026 2208 2107 conscriptum
2254 2044 2427 2106 esse3
2485 2026 2658 2107 quod
2700 2044 2812 2091 ne-

683 2137 841 2202 mini
882 2137 1142 2202 videtur
1182 2136 1601 2218 persuasisse,
1661 2135 2184 2219 improbaverunt
2243 2142 2416 2203 certe
2457 2137 2816 2218 quicunque

681 2251 763 2314 de
827 2247 1280 2314 dissertatione
1339 2248 1640 2313 iudicium
1704 2248 2023 2328 fecerunt,
2068 2248 2139 2313 B.
2184 2248 2341 2315 Litt.
2386 2247 2817 2314 Centralblatt

684 2362 845 2428 1881
915 2380 979 2442 p.
1010 2361 1169 2440 903,
1237 2360 1314 2426 G.
1376 2361 1659 2441 Dzialas‚
1724 2361 1952 2427 Philol.
2018 2361 2408 2428 Rundschau
2474 2362 2507 2425 Ι
2573 2381 2635 2443 p.
2667 2361 2816 2442 852,

680 2472 749 2539 C.
797 2473 1120 2553 Hammer,
1182 2471 1409 2538 Philol.
1460 2473 1775 2555 Anzeiger
1816 2472 1907 2538 XI
1949 2493 2013 2555 p.
2044 2474 2190 2540 242.
2278 2474 2518 2538 Iterum
2584 2480 2649 2537 et
2711 2491 2816 2538 ac-

681 2585 969 2652 curatius
1030 2585 1223 2651 etiam
1269 2585 1451 2650 Liers
1495 2583 1662 2650 hanc
1705 2589 2142 2666 quaestionem
2203 2585 2513 2649 tractavit
2556 2589 2623 2648 et
2666 2601 2815 2648 ean·

682 2697 824 2762 dem
871 2695 1006 2762 fere
1035 2696 1392 2780 opinionem
1439 2698 1646 2761 denuo
1687 2695 2021 2777 proposuit
2064 2695 2129 2760 in
2160 2694 2553 2760 Fleckeiseni
2582 2693 2813 2760 Annal.

679 2807 899 2891 philol.
945 2807 1066 2874 vol.
1100 2808 1225 2874 135
1267 2808 1498 2890 (1887)
1559 2828 1620 2890 p.
1655 2807 1776 2873 681
1822 2825 1997 2890 seqq.
2080 2807 2348 2872 Interim
2397 2805 2463 2872 C.
2509 2806 2816 2872 Hammer

678 2921 1209 2986 commentatione
1253 2939 1419 2985 anno
1451 2919 1617 2985 1883
1663 2919 1859 2998 edita,
1904 2920 2007 2985 cui
2046 2918 2377 3002 inscripsit
2406 2919 2814 2999 „Demetrius

679 3029 835 3118 περὶ
894 3027 1268 3117 ἑρμηνείας*
1350 3030 1625 3113 probare
1685 3031 1937 3097 studuit
2008 3039 2290 3097 extremo
2348 3031 2603 3097 saeculo
2663 3037 2814 3097 ante

677 3144 827 3210 Chr.
872 3164 932 3210 n.
997 3143 1201 3209 altero
1244 3143 1526 3210 libellum
1591 3162 1734 3210 esse
1792 3143 2250 3227 conscriptum3
2312 3146 2413 3210 cui
2458 3144 2815 3209 sententiae

676 3254 923 3323 assensi
996 3260 1149 3321 sunt
1221 3257 1293 3320 Α.
1361 3253 1770 3338 Steinberger
1842 3254 2381 3338 (Wochenschrift
2450 3253 2556 3320 fiir
2627 3256 2812 3333 class,

677 3366 905 3433 Philol.
948 3367 1016 3430 ΙΙ
1080 3386 1142 3448 p.
1172 3367 1287 3449 98)
1347 3384 1466 3434 nec
1525 3385 1649 3455 non
1711 3367 2069 3432 Volkmann
2130 3365 2470 3447 (Rhetorik
2534 3368 2685 3433 edit.
2748 3367 2814 3432 II

854 3617 915 3696 1)
959 3617 1046 3676 cf.
1090 3617 1383 3694 imprimis
1425 3618 1647 3677 iudicia
1675 3619 1993 3690 variorum,
2042 3637 2194 3697 quae
2226 3617 2464 3678 Goeller
2508 3618 2711 3678 attulit
2748 3618 2811 3675 in

674 3720 964 3779 Demetrii
1011 3719 1272 3778 editione
1330 3739 1430 3796 pp.
1477 3720 1879 3793 XI-XXX3
1944 3721 2301 3791 Volkmann,
2366 3720 2660 3780 Rhetorik
2707 3721 2812 3778 der

678 3823 970 3882 Griechen
1032 3824 1153 3881 und
1213 3824 1430 3881 Romer
1489 3825 1628 3882 edit.
1675 3825 1708 3882 I
1778 3843 1835 3900 p.
1884 3828 2038 3896 4623
2122 3823 2317 3896 Blass,
2378 3825 2469 3881 De
2532 3822 2808 3899 Dionysii

676 3924 869 3984 Halic.
914 3925 1151 4004 scriptis
1194 3925 1509 3986 rhetoricis
1552 3945 1610 4002 p.
1645 3929 1727 3984 32
1774 3927 1929 3987 thes.
1960 3926 2066 3986 VI.
