3309 4675
1493 325 1919 391 -22-

638 515 691 563 c.
726 497 799 576 73
845 495 1200 580 rhythmuS,
1245 516 1296 563 c.
1331 496 1406 577 83
1449 498 1859 580 periodorum
1888 502 2235 579 structura,
2280 515 2333 563 c.
2364 497 2439 577 93
2483 495 2774 577 facetiae,

639 625 726 675 cc.
779 608 876 673 10.
926 609 1024 673 11.
1129 608 1531 677 Posteriores
1595 608 1863 675 meliore
1922 611 2300 691 disponendi
2360 610 2610 676 ratione
2673 611 2775 675 usi

639 725 806 786 sunt.
917 720 1266 804 Dionysius
1331 720 1536 787 Halic.
1605 722 1881 787 diversis
1944 721 2104 787 locis
2169 721 2400 786 -harum
2467 723 2775 787 virtutum

640 833 1030 899 mentionem
1073 832 1262 899 facit:
1327 832 1396 915 a)
1442 824 1823 916 ἆναγκαῖαιε
1889 834 1946 897 1.
1992 826 2389 919 καθαρότης.
2449 831 2509 896 2.
2557 826 2775 918 σαφή-

641 966 794 1008 νεια.
873 945 934 1010 3.
981 938 1316 1026 συντομία.
1403 944 1475 1025 b)
1519 938 1863 1010 ἐπίθετοιε
1940 946 2004 1009 4.
2066 938 2383 1029 ἐνάργεια.
2459 945 2519 1010 5.
2564 937 2775 1031 ἡτῶν

640 1047 827 1141 ἠθῶν
869 1077 940 1120 τε
983 1051 1096 1119 καὶ
1141 1056 1386 1119 παθῶν
1425 1050 1723 1141 μίμησις,
1770 1055 1849 1123 cf.
1884 1075 1945 1137 p.
1986 1054 2131 1137 776,
2152 1062 2211 1119 4.
2273 1055 2331 1121 6.
2377 1049 2446 1119 αὶ
2489 1053 2567 1121 τὸ
2610 1052 2777 1140 μέγα

641 1164 755 1232 καὶ
783 1164 1172 1251 θαυμαστὸν
1202 1162 1636 1253 ἐμφαίνουσαι
1683 1166 1797 1253 τῆς
1826 1169 2227 1253 κατασκευῆς
2269 1158 2501 1254 ἀρεταί
2518 1188 2534 1204 ·
2578 1158 2777 1253 flavos,

638 1273 1194 1366 καλλιρρημοσύνῃ
1212 1329 1228 1359 ,
1292 1274 1713 1363 σεμνολογία,
1777 1275 2334 1365 μεγαλοπρέπεια.
2419 1279 2475 1342 7.
2538 1274 2609 1344 αἱ
2662 1276 2778 1366 τὴν

643 1386 825 1470 ἰσχὺν
865 1388 981 1455 καὶ
1038 1387 1152 1455 τὸν
1209 1384 1399 1456 τόνον
1441 1388 1555 1456 καὶ
1613 1388 1738 1467 τὰς
1781 1385 2268 1478 ὁμοιοτρόπους
2313 1384 2623 1475 δυνάμεις
2664 1391 2778 1477 τῆς

645 1494 950 1588 φράσεως
1011 1499 1424 1586 περιέχουσαι
1444 1522 1461 1536 ·
1525 1497 1735 1583 τόνος,
1794 1498 2031 1588 βάρος,
2093 1497 2355 1583 πάθος,
2418 1498 2779 1589 ἒρῤωμένον

641 1611 755 1678 καὶ
799 1608 1145 1698 ἐναγώνιον
1189 1616 1464 1696 πνεῦμα,
1529 1610 1603 1695 ἐξ
1647 1604 1739 1678 ὧν
1780 1609 1819 1701 ᾗ
1871 1610 2235 1699 καλουμένη
2279 1609 2524 1697 γίνεται
2563 1607 2773 1679 δεινό-

641 1750 773 1811 της.
838 1725 896 1792 8.
942 1720 1135 1813 ὴδονὶ
1180 1722 1292 1789 καὶ
1337 1723 1566 1791 πειθὼ
1626 1723 1737 1790 καὶ
1781 1723 2024 1813 τέρψις
2083 1723 2198 1790 καὶ
2262 1722 2332 1791 αὶ
2376 1720 2779 1809 ὁμοιογενεῖς

645 1830 888 1923 ἀρεταί.
955 1836 1014 1904 9.
1061 1831 1340 1924 πρέπον.
1429 1838 1573 1903 Hae
1616 1839 1889 1904 virtutes
1942 1838 2259 1922 quomodo
2305 1843 2775 1920 comparentur,

644 1950 773 2015 iam
832 1955 980 2015 ante
1043 1969 1113 2016 se
1169 1949 1251 2015 ab
1313 1949 1460 2015 aliis
1526 1950 2009 2017 accuratissime
2071 1951 2579 2017 demonstratum
2637 1967 2778 2015 esse

642 2060 986 2144 Dionysius
1029 2061 1188 2126 dicit
1211 2063 1234 2101 ¹
1253 2060 1332 2143 ³).
1422 2060 1629 2128 Multo
1690 2060 1949 2127 uberius
2007 2067 2202 2146 atque
2248 2061 2545 2128 subtilius
2587 2078 2778 2144 quam

643 2174 893 2256 priores
935 2173 1258 2239 Aristides
1321 2178 1390 2238 et
1430 2173 1890 2255 Hermogenes,
1948 2194 2217 2262 quorum
2283 2175 2524 2257 scripta
2568 2173 2777 2239 adhuc

644 2290 883 2368 extant,
948 2285 1030 2352 de
1092 2284 1440 2352 virtutibus
1508 2286 1884 2353 elocutionis
1941 2288 2388 2354 disseruerunt
2416 2290 2433 2325 ¹
2452 2287 2515 2369 ⁴)
2535 2337 2552 2369 ,
2619 2302 2779 2369 quas

645 2399 770 2481 ipsi
814 2399 1074 2481 quidem
1121 2418 1248 2463 non
1291 2388 1551 2484 ἀρετάς,
1595 2401 1711 2466 sed
1755 2394 1938 2475 ἰδέας
1979 2409 2228 2465 vocant.

826 2563 926 2640 13)
971 2583 1030 2639 p.
1066 2567 1258 2636 863,5
1321 2557 1566 2640 ,,(οὗδὲν
1627 2561 1724 2622 δεῖ
1779 2559 1880 2640 ἐμὲ
1924 2561 2058 2622 νυνὶ
2119 2557 2331 2642 λέγειν)
2391 2557 2451 2632 ἐξ
2497 2581 2582 2619 ων
2624 2563 2781 2618 θεω-

648 2657 930 2744 ρημάτων
972 2683 1032 2722 τε
1061 2659 1164 2723 καὶ
1209 2657 1576 2744 πραγμάτων
1606 2663 1837 2725 τούτων
1881 2667 1999 2725 τῶν
2030 2657 2257 2745 άρεταῖν
2286 2657 2503 2738 ἑκάστη
2542 2661 2780 2742 γίνεται,

648 2767 882 2826 πολλῶν
924 2758 1144 2825 ὅντων·
1191 2763 1293 2825 καὶ
1339 2759 1451 2846 γάρ
1479 2769 1666 2826 ταῦτα
1708 2771 1817 2844 τῆς
1858 2761 2291 2847 ἀκριβεστάτης
2319 2762 2581 2842 τέτευχεν
2625 2761 2777 2842 ἐξερ-

648 2868 914 2949 γασίας.“
1005 2870 1175 2930 Liers
1205 2875 1361 2930 extr.
1406 2890 1462 2946 p.
1500 2874 1615 2929 581
1669 2870 1773 2928 illa
1814 2865 2183 2949 θεωρήματά
2227 2890 2288 2928 τε
2330 2865 2434 2927 καὶ
2464 2860 2781 2946 πράγματα

648 2976 820 3049 putat
863 2991 991 3032 esse
1035 2972 1328 3032 elementa
1372 2973 1588 3052 quibus
1631 2992 1754 3031 una
1790 2993 2062 3053 quaeque
2105 2973 2301 3034 virtus
2344 2972 2465 3044 fiat,
2512 2963 2783 3028 διάνοιαν

647 3069 800 3146 λέξιν
844 3067 1150 3149 σύνθεσιν,
1203 3076 1362 3155 quod
1393 3075 1634 3151 probari
1680 3079 1800 3134 non
1832 3079 2031 3152 potest
2075 3095 2207 3134 cum
2246 3076 2391 3134 alias
2437 3075 2511 3133 ob
2558 3091 2780 3145 causas,

647 3182 774 3236 tum
820 3177 960 3257 quia
1002 3179 1202 3240 verbis
1260 3178 1492 3236 πολλῶν
1535 3169 1727 3236 ὄντων
1784 3179 1985 3254 plures
2041 3196 2137 3236 res
2196 3196 2369 3257 quam
2432 3183 2553 3236 tres
2597 3174 2781 3251 signi-

653 3279 817 3339 ficari
861 3280 1240 3340 manifestum
1282 3287 1388 3339 est.

830 3381 932 3459 14)
977 3383 1147 3441 Liers
1193 3402 1252 3461 p.
1287 3387 1408 3440 584
1456 3387 1659 3443 censet
1720 3401 1797 3441 ex
1856 3383 1949 3455 iis,
2014 3399 2167 3460 quae
2212 3381 2621 3455 Hermogenes
2679 3381 2779 3439 do-

649 3491 797 3558 ceat,
840 3484 1095 3561 plurima
1136 3485 1255 3542 iam
1297 3487 1372 3545 ab
1419 3485 1547 3544 eius
1590 3485 1891 3563 prioribus
1934 3485 2117 3544 fuisse
2162 3482 2409 3555 tradita3
2454 3502 2607 3563 quae
2650 3483 2780 3559 ipse

651 3589 723 3646 de
769 3607 874 3647 suo
920 3588 1214 3646 addiderit
1255 3607 1377 3646 non
1421 3588 1622 3663 magni
1669 3587 1949 3647 momenti
1997 3607 2142 3647 esse.
2229 3586 2363 3644 Hoc
2405 3605 2612 3646 verum
2658 3606 2778 3645 non

594 3759 599 3767 ,
651 3709 778 3750 esse
821 3690 962 3749 inde
1006 3696 1269 3767 apparet,
1317 3691 1475 3770 quod
1517 3690 1689 3764 liber,
1735 3709 1912 3770 quem
1956 3689 2253 3750 Aristides
2297 3708 2420 3747 non
2463 3688 2551 3748 ita
2591 3689 2779 3747 multo

652 3797 792 3853 ante
821 3793 1259 3868 Hermogenem
1291 3793 1660 3869 conseripsit,
1705 3792 1891 3852 multo
1922 3794 2118 3852 minus
2163 3792 2437 3869 copiosus
2481 3795 2573 3850 est
2602 3810 2780 3870 quam

650 3895 830 3969 illius,
889 3895 1075 3956 multa
1132 3899 1328 3955 autem
1383 3897 1448 3954 in
1493 3916 1563 3955 eo
1609 3895 1817 3955 insunt
1871 3896 2077 3971 inepta
2132 3894 2584 3972 incendiumque,
2648 3912 2779 3953 oum

652 3999 809 4076 apud
839 3999 1277 4075 Hermogenem
1323 3997 1521 4058 omnia
1566 3997 1689 4057 sint
1716 3999 1868 4057 bene
1898 3998 2285 4069 considerata,
2330 3995 2611 4073 expolita,
2656 3994 2780 4056 suis
