3309 4675
1361 359 1792 423 -29-

505 523 699 617 λογήν
742 537 809 597 et
864 532 929 596 in
977 524 1285 595 σύνθεσιν
1349 534 1604 613 cadant,
1666 531 1743 597 cf.
1803 531 1901 598 De
1946 532 2229 615 Thucyd.
2277 532 2359 599 22
2403 553 2464 615 p.
2496 530 2645 613 862,

517 646 780 708 14—17.
827 644 925 708 De
966 643 1156 710 Isocr.
1187 643 1227 709 3
1271 664 1334 725 p.
1365 642 1807 725 539‚11-14.
1916 645 2151 710 Rerum
2199 651 2437 725 autem,
2484 662 2646 726 quae

505 755 616 818 uni
661 755 1108 835 compositioni
1152 755 1431 821 adscribi
1474 762 1779 838 possunt,
1840 756 1939 821 his
1995 757 2149 822 solis
2206 758 2363 824 locis
2405 758 2644 823 mentio

505 862 611 930 fit:
695 885 757 947 p.
818 865 1417 949 963‚14—964‚9.
1503 866 1688 948 1008,
1710 875 1893 933 2-5.
1974 866 2162 949 1013,
2194 875 2439 930 12—16
2507 869 2643 951 (qui

505 996 724 1043 omnes
769 979 850 1044 de
894 978 1179 1044 Isocrate
1223 977 1402 1060 sunt)
1428 984 1452 1016 ²
1470 976 1566 1059 ⁷);
1609 978 1721 1044 ubi
1750 978 2125 1062 Dionysium
2170 981 2415 1047 minore
2458 998 2642 1045 accu-

506 1090 756 1155 ratione
800 1108 988 1156 usum
1033 1108 1177 1156 esse
1222 1090 1360 1155 veri
1404 1089 1610 1155 simile
1655 1095 1775 1156 est.

673 1202 982 1268 Videmus
1025 1202 1225 1283 igitur
1254 1202 1632 1284 Dionysium
1677 1201 1806 1267 alia
1848 1220 2086 1285 genera
2128 1202 2487 1267 instituisse
2532 1203 2642 1266 de-

502 1313 708 1379 lectus
754 1316 1112 1395 verborum,
1159 1314 1286 1379 alia
1330 1314 1828 1395 compositionis.
1919 1314 2349 1396 Theophrasti
2393 1332 2643 1395 quoque

503 1444 738 1507 genera
783 1427 1058 1508 dicendi,
1102 1444 1371 1508 quorum
1415 1424 1453 1506 ἓ
1493 1425 1532 1489 8
1577 1427 1964 1492 mentionem
2008 1425 2148 1506 feci,
2194 1426 2280 1489 ad
2324 1425 2640 1490 delectum

503 1537 709 1602 solum
752 1538 1143 1620 pertinuisse
1187 1539 1324 1603 veri
1368 1537 1759 1603 simillimum
1805 1544 1933 1618 est3
1979 1556 2131 1602 num
2164 1536 2640 1618 compositionis

501 1667 736 1731 genera
779 1650 1149 1730 instituerit,
1196 1668 1320 1713 non
1365 1654 1620 1715 constat
1636 1651 1660 1689 1
1678 1650 1759 1731 ⁸).
1850 1649 2059 1714 Aliter
2103 1667 2209 1714 res
2256 1666 2326 1713 se
2368 1647 2644 1714 habebat

501 1762 565 1826 in
611 1759 792 1827 ideis.
881 1760 1058 1826 Bene
1118 1761 1303 1828 Liers
1350 1759 1654 1826 Stilarten
1712 1780 1772 1842 p.
1806 1760 1936 1827 684
1978 1765 2107 1825 not.
2144 1762 2175 1824 1
2239 1766 2456 1826 monet
2512 1761 2639 1825 iam

503 1873 914 1939 Aristotelem
943 1872 1130 1939 Rhet.
1165 1872 1286 1955 111,
1333 1871 1417 1937 10
1458 1891 1519 1953 p.
1554 1870 1724 1937 1410
1743 1872 1783 1938 b
1816 1875 2063 1934 27—31
2113 1872 2345 1937 docere
2374 1870 2641 1937 facetias

501 1981 640 2049 fieri
684 1990 797 2049 aut
842 1982 1100 2071 διανοίᾳ
1145 1991 1261 2050 aut
1304 1981 1496 2064 λέξει,
1560 1992 1627 2050 et
1671 1985 1728 2050 Si
1772 1980 1966 2064 λέξει,
2027 1988 2143 2049 aut
2205 1974 2483 2067 ὀνόμασι
2528 1990 2642 2049 aut

503 2090 805 2181 σχήμασι.
893 2096 1242 2178 Dionysius
1286 2097 1386 2162 De
1416 2096 1612 2179 Lysia
1654 2096 1696 2161 8
1740 2116 1802 2179 p.
1834 2094 1985 2177 467,
2009 2104 2045 2156 6
2090 2090 2460 2181 ἠθοποιΐας
2510 2094 2640 2161 ele-

680 2348 782 2427 17)
830 2349 1073 2408 Praeter
1115 2350 1225 2408 hos
1281 2353 1682 2422 1030,2-13;
1740 2349 1841 2408 sed
1886 2348 1939 2407 is
1981 2348 2149 2407 locus
2193 2349 2265 2405 ad
2312 2348 2464 2406 hanc
2509 2367 2634 2407 rem

503 2471 623 2511 non
683 2452 962 2528 pertinet,
1025 2472 1156 2512 cum
1222 2452 1656 2511 continuationi
1720 2451 2047 2510 disserendi
2091 2450 2483 2526 interpositus
2544 2452 2642 2512 sit.

505 2555 831 2633 Dionysius
893 2555 1047 2612 enim
1113 2561 1428 2635 postquam
1476 2553 1737 2613 ostendit
1796 2552 2049 2612 incisum
2095 2553 2394 2632 quoddam
2437 2572 2642 2630 super-

502 2677 825 2718 vacaneum
886 2676 1034 2731 esse,
1101 2657 1266 2717 addit
1323 2676 1398 2716 ne
1462 2675 1589 2715 eam
1655 2655 1893 2736 quidem
1955 2655 2396 2715 excusationem
2443 2656 2641 2715 afferri

504 2779 680 2836 posse
725 2759 854 2820 eolo
916 2781 1066 2838 opus
1109 2759 1295 2819 fuisse
1353 2760 1424 2818 ad
1471 2760 1695 2818 bonum
1758 2777 1967 2818 sonum
2011 2757 2418 2820 efficiendum:
2480 2761 2639 2819 dete-

505 2862 719 2920 riorem
766 2862 923 2921 enim
968 2861 1072 2922 illo
1116 2882 1327 2921 sonum
1373 2861 1524 2922 fieri.

680 2964 783 3043 18)
828 2965 1121 3043 Equidem
1151 2965 1506 3025 coniecerim
1548 2965 1610 3023 id
1641 2984 1776 3024 eum
1819 2965 2031 3026 fecisse
2066 2967 2391 3044 eademque
2422 2983 2641 3040 genera

505 3086 574 3126 ae
617 3068 975 3147 Dionysium
1035 3068 1396 3140 exhibuisse,
1460 3087 1530 3127 ea
1589 3069 1664 3126 de
1722 3086 1789 3127 re
1848 3073 2063 3141 autem,
2124 3086 2277 3148 quae
2339 3067 2419 3126 sit
2462 3086 2641 3126 aurea

506 3171 882 3230 mediocritas
938 3169 1005 3228 in
1066 3171 1512 3247 compositione,
1574 3171 1749 3230 aliter
1806 3170 2117 3244 iudicasse,
2180 3175 2358 3249 atque
2404 3189 2640 3246 compo-

507 3274 742 3334 sitionis
785 3291 1028 3348 asperae
1074 3279 1312 3333 auctore
1368 3273 1719 3349 gravissimo
1776 3273 1969 3350 ipsum
2016 3293 2255 3353 quoque
2299 3271 2642 3373 'Ph-ucydide

505 3397 675 3436 usum
722 3396 868 3449 esse,
914 3375 1091 3434 nimis
1134 3376 1507 3455 rhythmicae
1567 3381 1765 3436 autem
1814 3375 2034 3452 Gorgia
2077 3381 2139 3436 et
2180 3375 2639 3453 Thrasymacho,

505 3479 732 3552 mediae
775 3479 1073 3550 Isocrate,
1137 3481 1212 3538 ef.
1257 3479 1558 3539 Ciceronis
1604 3479 1768 3538 Orat.
1813 3481 1877 3553 ἐξ
1912 3483 2201 3552 38-40,
2271 3478 2640 3550 174-176;

507 3582 722 3661 quibus
780 3582 928 3641 locis
984 3580 1427 3658 Theophrastea
1479 3583 1634 3642 tradi
1697 3581 1866 3641 Blass
1909 3585 2035 3642 Att.
2082 3581 2531 3641 Beredsamkeit
2574 3582 2641 3641 11

503 3704 564 3760 p.
602 3687 720 3742 120
765 3684 905 3742 inde
962 3685 1270 3756 conclusit,
1333 3686 1491 3763 quod
1550 3686 1693 3759 §39
1743 3683 2189 3762 Theophrastus
2232 3684 2505 3743 laudatur
2548 3684 2641 3743 his

505 3786 708 3846 verbis
751 3786 1118 3866 „primisque
1160 3788 1235 3846 ab
1282 3786 1375 3845 his
1418 3786 1526 3862 (sc.
1572 3787 1881 3846 Herodoto
1926 3794 1988 3847 et
2015 3785 2402 3865 Thucydide),
2447 3792 2514 3846 ut
2556 3787 2643 3846 ait

506 3886 968 3964 Theophrastus,
1012 3888 1263 3948 historia
1305 3896 1598 3950 commota
1642 3893 1736 3951 est
1776 3893 1845 3950 ut
1886 3891 2133 3949 auderet
2174 3888 2416 3948 uberius
2462 3906 2640 3967 quam

508 3990 841 4068 superiores
886 3996 948 4051 et
993 3993 1260 4052 ornatius
1304 3991 1555 4055 dicere“.
