<?xml version="1.0" encoding="UTF-8"?>
<!DOCTYPE html PUBLIC "-//W3C//DTD XHTML 1.0 Transitional//EN"
    "http://www.w3.org/TR/xhtml1/DTD/xhtml1-transitional.dtd">
<html xmlns="http://www.w3.org/1999/xhtml" xml:lang="en" lang="en">
 <head>
  <title>
</title>
<meta http-equiv="Content-Type" content="text/html;charset=utf-8" />
  <meta name='ocr-system' content='tesseract 3.04.00' />
  <meta name='ocr-capabilities' content='ocr_page ocr_carea ocr_par ocr_line ocrx_word'/>
</head>
<body>
  <div class='ocr_page' id='page_1' title='image "./dedemetriirheto00altsgoog_0031.png"; bbox 0 0 3309 4675; ppageno 0'>
   <div class='ocr_carea' id='block_1_1' title="bbox 1339 296 1765 363">
    <p class='ocr_par' dir='ltr' id='par_1_1' title="bbox 1339 296 1765 363">
     <span class='ocr_line' id='line_1_1' title="bbox 1339 296 1765 363; baseline 0 -20"><span class='ocrx_word' id='word_1_1' title='bbox 1339 296 1765 363; x_wconf 57' lang='lat'><strong>„25-</strong></span> 
     </span>
    </p>
   </div>
   <div class='ocr_carea' id='block_1_2' title="bbox 484 468 2708 4022">
    <p class='ocr_par' dir='ltr' id='par_1_2' title="bbox 488 468 2629 1895">
     <span class='ocr_line' id='line_1_2' title="bbox 490 468 2628 553; baseline -0 -16"><span class='ocrx_word' id='word_1_2' title='bbox 490 471 843 538; x_wconf 90' lang='lat' dir='ltr'><strong>orationem</strong></span> <span class='ocrx_word' id='word_1_3' title='bbox 891 470 1284 535; x_wconf 82' lang='lat' dir='ltr'><strong>ornamentis</strong></span> <span class='ocrx_word' id='word_1_4' title='bbox 1343 471 1612 537; x_wconf 89' lang='lat' dir='ltr'><strong>modicis</strong></span> <span class='ocrx_word' id='word_1_5' title='bbox 1657 468 1993 537; x_wconf 86' lang='lat' dir='ltr'><strong>verborum</strong></span> <span class='ocrx_word' id='word_1_6' title='bbox 2040 470 2628 553; x_wconf 82' lang='lat' dir='ltr'><strong>sententiarumque</strong></span> 
     </span>
     <span class='ocr_line' id='line_1_3' title="bbox 490 579 2627 665; baseline -0.002 -16"><span class='ocrx_word' id='word_1_7' title='bbox 490 580 889 665; x_wconf 86' lang='lat' dir='ltr'><strong>distinguit“.</strong></span> <span class='ocrx_word' id='word_1_8' title='bbox 959 579 1293 647; x_wconf 84' lang='lat' dir='ltr'><strong>Simillime</strong></span> <span class='ocrx_word' id='word_1_9' title='bbox 1321 582 1825 647; x_wconf 90' lang='lat' dir='ltr'><strong>Fortunatianus</strong></span> <span class='ocrx_word' id='word_1_10' title='bbox 1854 581 2113 647; x_wconf 90' lang='lat' dir='ltr'><strong>Rhetor.</strong></span> <span class='ocrx_word' id='word_1_11' title='bbox 2139 582 2280 647; x_wconf 86' lang='lat' dir='ltr'><strong>Lat.</strong></span> <span class='ocrx_word' id='word_1_12' title='bbox 2314 582 2410 647; x_wconf 91' lang='lat' dir='ltr'><strong>ed.</strong></span> <span class='ocrx_word' id='word_1_13' title='bbox 2436 581 2627 647; x_wconf 86' lang='lat' dir='ltr'><strong>Halm</strong></span> 
     </span>
     <span class='ocr_line' id='line_1_4' title="bbox 489 684 2627 779; baseline -0.002 -19"><span class='ocrx_word' id='word_1_14' title='bbox 489 717 551 778; x_wconf 88' lang='lat' dir='ltr'><strong>p.</strong></span> <span class='ocrx_word' id='word_1_15' title='bbox 589 693 713 759; x_wconf 84' lang='lat'><strong>125</strong></span> <span class='ocrx_word' id='word_1_16' title='bbox 755 687 998 777; x_wconf 83' lang='grc' dir='ltr'><strong><em>,,ἆδρδν</em></strong></span> <span class='ocrx_word' id='word_1_17' title='bbox 1041 692 1358 759; x_wconf 86' lang='lat' dir='ltr'><strong>uniforme</strong></span> <span class='ocrx_word' id='word_1_18' title='bbox 1403 696 1548 760; x_wconf 79' lang='lat' dir='ltr'><strong>est?</strong></span> <span class='ocrx_word' id='word_1_19' title='bbox 1605 712 1771 774; x_wconf 91' lang='grc'><strong>11011,</strong></span> <span class='ocrx_word' id='word_1_20' title='bbox 1815 712 1963 758; x_wconf 84' lang='grc'><strong>113111</strong></span> <span class='ocrx_word' id='word_1_21' title='bbox 2010 699 2110 759; x_wconf 85' lang='lat' dir='ltr'><strong>est</strong></span> <span class='ocrx_word' id='word_1_22' title='bbox 2154 698 2265 759; x_wconf 88' lang='lat' dir='ltr'><strong>aut</strong></span> <span class='ocrx_word' id='word_1_23' title='bbox 2308 684 2627 779; x_wconf 80' lang='grc' dir='ltr'><strong><em>αὐστηρὸν</em></strong></span> 
     </span>
     <span class='ocr_line' id='line_1_5' title="bbox 493 796 2629 890; baseline -0 -18"><span class='ocrx_word' id='word_1_24' title='bbox 493 812 608 872; x_wconf 83' lang='lat' dir='ltr'><strong>aut</strong></span> <span class='ocrx_word' id='word_1_25' title='bbox 664 798 954 890; x_wconf 71' lang='grc' dir='ltr'><strong><em>ἀνθηρόν</em></strong></span> <span class='ocrx_word' id='word_1_26' title='bbox 988 854 1203 871; x_wconf 90' lang='grc'><strong>.....</strong></span> <span class='ocrx_word' id='word_1_27' title='bbox 1237 796 1455 885; x_wconf 81' lang='grc' dir='ltr'><strong><em>ἶσχνόν</em></strong></span> <span class='ocrx_word' id='word_1_28' title='bbox 1514 806 1831 872; x_wconf 85' lang='lat' dir='ltr'><strong>uniforme</strong></span> <span class='ocrx_word' id='word_1_29' title='bbox 1894 806 2043 871; x_wconf 79' lang='lat' dir='ltr'><strong>est?</strong></span> <span class='ocrx_word' id='word_1_30' title='bbox 2105 824 2250 887; x_wconf 89' lang='lat' dir='ltr'><strong>non,</strong></span> <span class='ocrx_word' id='word_1_31' title='bbox 2320 825 2467 871; x_wconf 83' lang='lat' dir='ltr'><strong>nam</strong></span> <span class='ocrx_word' id='word_1_32' title='bbox 2528 810 2629 871; x_wconf 80' lang='lat' dir='ltr'><strong>est</strong></span> 
     </span>
     <span class='ocr_line' id='line_1_6' title="bbox 491 914 2627 1001; baseline -0.001 -17"><span class='ocrx_word' id='word_1_33' title='bbox 491 924 605 984; x_wconf 88' lang='lat' dir='ltr'><strong>aut</strong></span> <span class='ocrx_word' id='word_1_34' title='bbox 649 918 932 984; x_wconf 87' lang='lat' dir='ltr'><strong>severius</strong></span> <span class='ocrx_word' id='word_1_35' title='bbox 977 922 1090 982; x_wconf 91' lang='lat' dir='ltr'><strong>aut</strong></span> <span class='ocrx_word' id='word_1_36' title='bbox 1119 915 1408 983; x_wconf 87' lang='lat' dir='ltr'><strong>floridius</strong></span> <span class='ocrx_word' id='word_1_37' title='bbox 1443 969 1654 983; x_wconf 92' lang='grc'><strong>.....</strong></span> <span class='ocrx_word' id='word_1_38' title='bbox 1687 914 1890 1001; x_wconf 84' lang='grc' dir='ltr'><strong><em>μέσον</em></strong></span> <span class='ocrx_word' id='word_1_39' title='bbox 1932 916 2246 983; x_wconf 89' lang='lat' dir='ltr'><strong>uniforme</strong></span> <span class='ocrx_word' id='word_1_40' title='bbox 2291 918 2437 983; x_wconf 83' lang='lat' dir='ltr'><strong>est‘?</strong></span> <span class='ocrx_word' id='word_1_41' title='bbox 2481 936 2627 998; x_wconf 91' lang='lat' dir='ltr'><strong>non,</strong></span> 
     </span>
     <span class='ocr_line' id='line_1_7' title="bbox 489 1028 2628 1111; baseline -0.002 -13"><span class='ocrx_word' id='word_1_42' title='bbox 489 1052 638 1098; x_wconf 90' lang='lat' dir='ltr'><strong>nam</strong></span> <span class='ocrx_word' id='word_1_43' title='bbox 669 1036 772 1097; x_wconf 90' lang='lat' dir='ltr'><strong>est</strong></span> <span class='ocrx_word' id='word_1_44' title='bbox 815 1036 928 1096; x_wconf 86' lang='lat' dir='ltr'><strong>aut</strong></span> <span class='ocrx_word' id='word_1_45' title='bbox 957 1048 1248 1095; x_wconf 88' lang='lat' dir='ltr'><strong>severum</strong></span> <span class='ocrx_word' id='word_1_46' title='bbox 1292 1034 1406 1095; x_wconf 93' lang='lat' dir='ltr'><strong>aut</strong></span> <span class='ocrx_word' id='word_1_47' title='bbox 1436 1028 1736 1095; x_wconf 89' lang='lat' dir='ltr'><strong>laetum.“</strong></span> <span class='ocrx_word' id='word_1_48' title='bbox 1828 1029 2119 1111; x_wconf 91' lang='lat' dir='ltr'><strong>Denique</strong></span> <span class='ocrx_word' id='word_1_49' title='bbox 2162 1028 2429 1095; x_wconf 91' lang='lat' dir='ltr'><strong>Proclus</strong></span> <span class='ocrx_word' id='word_1_50' title='bbox 2456 1029 2628 1111; x_wconf 90' lang='lat' dir='ltr'><strong>apud</strong></span> 
     </span>
     <span class='ocr_line' id='line_1_8' title="bbox 491 1140 2626 1225; baseline -0.002 -17"><span class='ocrx_word' id='word_1_51' title='bbox 491 1142 794 1209; x_wconf 88' lang='lat' dir='ltr'><strong>Photium</strong></span> <span class='ocrx_word' id='word_1_52' title='bbox 853 1164 914 1225; x_wconf 90' lang='lat' dir='ltr'><strong>p.</strong></span> <span class='ocrx_word' id='word_1_53' title='bbox 951 1140 1076 1207; x_wconf 85' lang='lat'><strong>318</strong></span> <span class='ocrx_word' id='word_1_54' title='bbox 1101 1140 1140 1206; x_wconf 99' lang='lat' dir='ltr'><strong>b</strong></span> <span class='ocrx_word' id='word_1_55' title='bbox 1190 1150 1268 1202; x_wconf 86' lang='lat'><strong>26</strong></span> <span class='ocrx_word' id='word_1_56' title='bbox 1331 1141 1607 1223; x_wconf 89' lang='lat' dir='ltr'><strong>Bekker‚</strong></span> <span class='ocrx_word' id='word_1_57' title='bbox 1667 1148 2011 1225; x_wconf 85' lang='lat' dir='ltr'><strong>postquam</strong></span> <span class='ocrx_word' id='word_1_58' title='bbox 2064 1142 2259 1207; x_wconf 91' lang='lat' dir='ltr'><strong>trium</strong></span> <span class='ocrx_word' id='word_1_59' title='bbox 2302 1159 2626 1223; x_wconf 85' lang='lat' dir='ltr'><strong>generum,</strong></span> 
     </span>
     <span class='ocr_line' id='line_1_9' title="bbox 492 1242 2625 1338; baseline -0.003 -18"><span class='ocrx_word' id='word_1_60' title='bbox 492 1272 656 1338; x_wconf 91' lang='lat' dir='ltr'><strong>quae</strong></span> <span class='ocrx_word' id='word_1_61' title='bbox 699 1259 887 1320; x_wconf 86' lang='lat' dir='ltr'><strong>vocat</strong></span> <span class='ocrx_word' id='word_1_62' title='bbox 931 1246 1314 1337; x_wconf 79' lang='grc' dir='ltr'><strong><em>πλάσματα,</em></strong></span> <span class='ocrx_word' id='word_1_63' title='bbox 1359 1254 1751 1320; x_wconf 86' lang='lat' dir='ltr'><strong>mentionem</strong></span> <span class='ocrx_word' id='word_1_64' title='bbox 1809 1254 1964 1320; x_wconf 90' lang='lat' dir='ltr'><strong>fecit</strong></span> <span class='ocrx_word' id='word_1_65' title='bbox 1981 1306 1997 1336; x_wconf 93' lang='lat'><strong>,</strong></span> <span class='ocrx_word' id='word_1_66' title='bbox 2040 1253 2199 1320; x_wconf 88' lang='lat' dir='ltr'><strong>haec</strong></span> <span class='ocrx_word' id='word_1_67' title='bbox 2244 1254 2427 1319; x_wconf 88' lang='lat' dir='ltr'><strong>addit</strong></span> <span class='ocrx_word' id='word_1_68' title='bbox 2468 1242 2625 1332; x_wconf 70' lang='lat'><strong>„0³:11-</strong></span> 
     </span>
     <span class='ocr_line' id='line_1_10' title="bbox 488 1356 2623 1451; baseline -0.001 -22"><span class='ocrx_word' id='word_1_69' title='bbox 488 1364 697 1451; x_wconf 70' lang='grc' dir='ltr'><strong><em>θηρὸν</em></strong></span> <span class='ocrx_word' id='word_1_70' title='bbox 740 1362 815 1429; x_wconf 82' lang='grc' dir='ltr'><strong>δὲ</strong></span> <span class='ocrx_word' id='word_1_71' title='bbox 849 1356 986 1428; x_wconf 70' lang='grc' dir='ltr'><strong><em>κατ’</em></strong></span> <span class='ocrx_word' id='word_1_72' title='bbox 1035 1360 1210 1429; x_wconf 80' lang='grc' dir='ltr'><strong><em>ἰδίαν</em></strong></span> <span class='ocrx_word' id='word_1_73' title='bbox 1253 1356 1368 1429; x_wconf 76' lang='grc' dir='ltr'><strong>οὐκ</strong></span> <span class='ocrx_word' id='word_1_74' title='bbox 1413 1358 1554 1429; x_wconf 63' lang='grc' dir='ltr'><strong><em>ἐστι</em></strong></span> <span class='ocrx_word' id='word_1_75' title='bbox 1602 1359 1902 1449; x_wconf 80' lang='grc' dir='ltr'><em>πλάσμα,</em></span> <span class='ocrx_word' id='word_1_76' title='bbox 1950 1356 2115 1429; x_wconf 77' lang='grc' dir='ltr'><strong>ἀλλὰ</strong></span> <span class='ocrx_word' id='word_1_77' title='bbox 2163 1360 2623 1449; x_wconf 80' lang='grc' dir='ltr'><strong><em>συνεκφέρεται</em></strong></span> 
     </span>
     <span class='ocr_line' id='line_1_11' title="bbox 491 1470 2626 1563; baseline -0.001 -23"><span class='ocrx_word' id='word_1_78' title='bbox 491 1474 603 1541; x_wconf 79' lang='grc' dir='ltr'><strong>καὶ</strong></span> <span class='ocrx_word' id='word_1_79' title='bbox 633 1473 1076 1561; x_wconf 80' lang='grc' dir='ltr'><strong><em>συμμέμικται</em></strong></span> <span class='ocrx_word' id='word_1_80' title='bbox 1119 1478 1265 1553; x_wconf 85' lang='grc' dir='ltr'><strong><em>τοῖς</em></strong></span> <span class='ocrx_word' id='word_1_81' title='bbox 1292 1472 1672 1563; x_wconf 81' lang='grc' dir='ltr'><strong><em>εἰρημένοις,</em></strong></span> <span class='ocrx_word' id='word_1_82' title='bbox 1720 1470 1991 1562; x_wconf 77' lang='grc' dir='ltr'><strong><em>ἁρμόζει</em></strong></span> <span class='ocrx_word' id='word_1_83' title='bbox 2023 1474 2099 1541; x_wconf 78' lang='grc' dir='ltr'><strong>δὲ</strong></span> <span class='ocrx_word' id='word_1_84' title='bbox 2141 1470 2626 1561; x_wconf 79' lang='grc' dir='ltr'><strong><em>τοπογραφίαις</em></strong></span> 
     </span>
     <span class='ocr_line' id='line_1_12' title="bbox 489 1580 2625 1675; baseline -0.001 -22"><span class='ocrx_word' id='word_1_85' title='bbox 489 1586 601 1653; x_wconf 82' lang='grc' dir='ltr'><strong>καὶ</strong></span> <span class='ocrx_word' id='word_1_86' title='bbox 645 1582 982 1671; x_wconf 77' lang='grc' dir='ltr'><strong><em>λειμώνων</em></strong></span> <span class='ocrx_word' id='word_1_87' title='bbox 1025 1580 1064 1675; x_wconf 80' lang='grc' dir='ltr'>ἢ</span> <span class='ocrx_word' id='word_1_88' title='bbox 1112 1580 1329 1652; x_wconf 80' lang='grc' dir='ltr'><strong><em>ἀλσῶν</em></strong></span> <span class='ocrx_word' id='word_1_89' title='bbox 1374 1582 1830 1674; x_wconf 54' lang='grc' dir='ltr'><strong><em>ἐκφράσεσινιῆ</em></strong></span> <span class='ocrx_word' id='word_1_90' title='bbox 1917 1588 2083 1671; x_wconf 91' lang='lat' dir='ltr'><strong>(Hos</strong></span> <span class='ocrx_word' id='word_1_91' title='bbox 2113 1588 2288 1654; x_wconf 84' lang='lat' dir='ltr'><strong>locos</strong></span> <span class='ocrx_word' id='word_1_92' title='bbox 2332 1593 2467 1653; x_wconf 79' lang='lat' dir='ltr'><strong>tres</strong></span> <span class='ocrx_word' id='word_1_93' title='bbox 2495 1588 2625 1652; x_wconf 85' lang='lat' dir='ltr'><strong>iam</strong></span> 
     </span>
     <span class='ocr_line' id='line_1_13' title="bbox 490 1697 2629 1783; baseline -0.001 -17"><span class='ocrx_word' id='word_1_94' title='bbox 490 1700 851 1766; x_wconf 88' lang='lat' dir='ltr'><strong>Volkmann</strong></span> <span class='ocrx_word' id='word_1_95' title='bbox 912 1700 1064 1766; x_wconf 91' lang='lat' dir='ltr'><strong>edit.</strong></span> <span class='ocrx_word' id='word_1_96' title='bbox 1111 1700 1176 1765; x_wconf 97' lang='lat' dir='ltr'><strong>II</strong></span> <span class='ocrx_word' id='word_1_97' title='bbox 1220 1720 1282 1782; x_wconf 90' lang='lat' dir='ltr'><strong>p.</strong></span> <span class='ocrx_word' id='word_1_98' title='bbox 1315 1697 1445 1768; x_wconf 84' lang='lat'><strong>535</strong></span> <span class='ocrx_word' id='word_1_99' title='bbox 1508 1720 1638 1766; x_wconf 90' lang='lat' dir='ltr'><strong>una</strong></span> <span class='ocrx_word' id='word_1_100' title='bbox 1682 1700 1922 1781; x_wconf 89' lang='lat' dir='ltr'><strong>attulit,</strong></span> <span class='ocrx_word' id='word_1_101' title='bbox 1980 1719 2186 1783; x_wconf 89' lang='lat' dir='ltr'><strong>neque</strong></span> <span class='ocrx_word' id='word_1_102' title='bbox 2244 1718 2395 1766; x_wconf 86' lang='lat' dir='ltr'><strong>vero</strong></span> <span class='ocrx_word' id='word_1_103' title='bbox 2454 1703 2629 1764; x_wconf 88' lang='lat' dir='ltr'><strong>recte</strong></span> 
     </span>
     <span class='ocr_line' id='line_1_14' title="bbox 490 1812 966 1895; baseline -0.004 -15"><span class='ocrx_word' id='word_1_104' title='bbox 490 1816 569 1880; x_wconf 90' lang='lat' dir='ltr'><strong>iis</strong></span> <span class='ocrx_word' id='word_1_105' title='bbox 615 1832 773 1879; x_wconf 89' lang='lat' dir='ltr'><strong>usus</strong></span> <span class='ocrx_word' id='word_1_106' title='bbox 818 1812 966 1895; x_wconf 89' lang='lat' dir='ltr'><strong>est.)</strong></span> 
     </span>
    </p>

    <p class='ocr_par' dir='ltr' id='par_1_3' title="bbox 484 1923 2708 4022">
     <span class='ocr_line' id='line_1_15' title="bbox 659 1923 2629 2007; baseline -0.002 -16"><span class='ocrx_word' id='word_1_107' title='bbox 659 1927 809 1992; x_wconf 90' lang='lat' dir='ltr'><strong>Alia</strong></span> <span class='ocrx_word' id='word_1_108' title='bbox 865 1926 1072 1992; x_wconf 86' lang='lat' dir='ltr'><strong>virtus</strong></span> <span class='ocrx_word' id='word_1_109' title='bbox 1134 1923 1426 1991; x_wconf 90' lang='lat' dir='ltr'><strong>restabat</strong></span> <span class='ocrx_word' id='word_1_110' title='bbox 1487 1943 1651 2007; x_wconf 88' lang='lat' dir='ltr'><strong>quae</strong></span> <span class='ocrx_word' id='word_1_111' title='bbox 1722 1929 1790 1990; x_wconf 92' lang='lat' dir='ltr'><strong>et</strong></span> <span class='ocrx_word' id='word_1_112' title='bbox 1851 1926 1993 2006; x_wconf 88' lang='lat' dir='ltr'><strong>ipsa</strong></span> <span class='ocrx_word' id='word_1_113' title='bbox 2052 1924 2429 2007; x_wconf 86' lang='lat' dir='ltr'><strong>dignissima</strong></span> <span class='ocrx_word' id='word_1_114' title='bbox 2486 1927 2629 1988; x_wconf 89' lang='lat' dir='ltr'><strong>erat</strong></span> 
     </span>
     <span class='ocr_line' id='line_1_16' title="bbox 487 2028 2627 2122; baseline -0.004 -18"><span class='ocrx_word' id='word_1_115' title='bbox 487 2057 652 2122; x_wconf 87' lang='lat' dir='ltr'><strong>quae</strong></span> <span class='ocrx_word' id='word_1_116' title='bbox 707 2037 1138 2119; x_wconf 84' lang='lat' dir='ltr'><strong>respiceretur</strong></span> <span class='ocrx_word' id='word_1_117' title='bbox 1155 2088 1171 2118; x_wconf 93' lang='lat'><strong>,</strong></span> <span class='ocrx_word' id='word_1_118' title='bbox 1237 2055 1377 2102; x_wconf 89' lang='lat' dir='ltr'><strong>eam</strong></span> <span class='ocrx_word' id='word_1_119' title='bbox 1437 2036 1580 2102; x_wconf 93' lang='lat' dir='ltr'><strong>dico</strong></span> <span class='ocrx_word' id='word_1_120' title='bbox 1627 2055 1820 2120; x_wconf 91' lang='lat' dir='ltr'><strong>quam</strong></span> <span class='ocrx_word' id='word_1_121' title='bbox 1863 2037 2231 2103; x_wconf 88' lang='lat' dir='ltr'><strong>Demetrius</strong></span> <span class='ocrx_word' id='word_1_122' title='bbox 2295 2028 2627 2117; x_wconf 80' lang='grc' dir='ltr'><strong><em>δεινότητα</em></strong></span> 
     </span>
     <span class='ocr_line' id='line_1_17' title="bbox 488 2146 2627 2231; baseline -0.003 -15"><span class='ocrx_word' id='word_1_123' title='bbox 488 2156 691 2217; x_wconf 85' lang='lat' dir='ltr'><strong>vocat.</strong></span> <span class='ocrx_word' id='word_1_124' title='bbox 781 2149 940 2214; x_wconf 91' lang='lat' dir='ltr'><strong>Eius</strong></span> <span class='ocrx_word' id='word_1_125' title='bbox 985 2167 1237 2231; x_wconf 92' lang='lat' dir='ltr'><strong>quoque</strong></span> <span class='ocrx_word' id='word_1_126' title='bbox 1298 2146 1503 2213; x_wconf 89' lang='lat' dir='ltr'><strong>tribus</strong></span> <span class='ocrx_word' id='word_1_127' title='bbox 1564 2148 1905 2231; x_wconf 90' lang='lat' dir='ltr'><strong>generibus</strong></span> <span class='ocrx_word' id='word_1_128' title='bbox 1950 2148 2447 2229; x_wconf 85' lang='lat' dir='ltr'><strong>Tbeophrasteis</strong></span> <span class='ocrx_word' id='word_1_129' title='bbox 2494 2165 2627 2213; x_wconf 89' lang='lat' dir='ltr'><strong>ser-</strong></span> 
     </span>
     <span class='ocr_line' id='line_1_18' title="bbox 489 2258 2630 2344; baseline -0.002 -16"><span class='ocrx_word' id='word_1_130' title='bbox 489 2263 659 2328; x_wconf 88' lang='lat' dir='ltr'><strong>vatis</strong></span> <span class='ocrx_word' id='word_1_131' title='bbox 703 2260 870 2327; x_wconf 92' lang='lat' dir='ltr'><strong>ratio</strong></span> <span class='ocrx_word' id='word_1_132' title='bbox 914 2258 1139 2325; x_wconf 90' lang='lat' dir='ltr'><strong>haberi</strong></span> <span class='ocrx_word' id='word_1_133' title='bbox 1194 2265 1452 2343; x_wconf 87' lang='lat' dir='ltr'><strong>poterat</strong></span> <span class='ocrx_word' id='word_1_134' title='bbox 1514 2260 1608 2326; x_wconf 91' lang='lat' dir='ltr'><strong>ita</strong></span> <span class='ocrx_word' id='word_1_135' title='bbox 1651 2265 1730 2325; x_wconf 91' lang='lat' dir='ltr'><strong>ut</strong></span> <span class='ocrx_word' id='word_1_136' title='bbox 1786 2261 1849 2325; x_wconf 92' lang='lat' dir='ltr'><strong>in</strong></span> <span class='ocrx_word' id='word_1_137' title='bbox 1915 2280 2041 2325; x_wconf 89' lang='lat' dir='ltr'><strong>uno</strong></span> <span class='ocrx_word' id='word_1_138' title='bbox 2087 2280 2340 2344; x_wconf 92' lang='lat' dir='ltr'><strong>quoque</strong></span> <span class='ocrx_word' id='word_1_139' title='bbox 2396 2277 2630 2343; x_wconf 84' lang='lat' dir='ltr'><strong>genere</strong></span> 
     </span>
     <span class='ocr_line' id='line_1_19' title="bbox 485 2367 2627 2460; baseline -0.002 -19"><span class='ocrx_word' id='word_1_140' title='bbox 485 2377 682 2442; x_wconf 88' lang='lat' dir='ltr'><strong>tertia</strong></span> <span class='ocrx_word' id='word_1_141' title='bbox 743 2375 988 2456; x_wconf 89' lang='lat' dir='ltr'><strong>species</strong></span> <span class='ocrx_word' id='word_1_142' title='bbox 1049 2374 1524 2454; x_wconf 87' lang='lat' dir='ltr'><strong>institueretur,</strong></span> <span class='ocrx_word' id='word_1_143' title='bbox 1591 2375 1696 2440; x_wconf 91' lang='lat' dir='ltr'><strong>cui</strong></span> <span class='ocrx_word' id='word_1_144' title='bbox 1756 2367 2044 2460; x_wconf 79' lang='grc' dir='ltr'><strong><em>δεινότης</em></strong></span> <span class='ocrx_word' id='word_1_145' title='bbox 2103 2373 2371 2456; x_wconf 88' lang='lat' dir='ltr'><strong>propria</strong></span> <span class='ocrx_word' id='word_1_146' title='bbox 2435 2375 2627 2438; x_wconf 89' lang='lat' dir='ltr'><strong>esset.</strong></span> 
     </span>
     <span class='ocr_line' id='line_1_20' title="bbox 489 2483 2629 2568; baseline -0 -15"><span class='ocrx_word' id='word_1_147' title='bbox 489 2488 615 2554; x_wconf 88' lang='lat' dir='ltr'><strong>Sed</strong></span> <span class='ocrx_word' id='word_1_148' title='bbox 660 2486 819 2552; x_wconf 88' lang='lat' dir='ltr'><strong>haec</strong></span> <span class='ocrx_word' id='word_1_149' title='bbox 861 2485 1132 2567; x_wconf 89' lang='lat' dir='ltr'><strong>partitio</strong></span> <span class='ocrx_word' id='word_1_150' title='bbox 1177 2483 1476 2551; x_wconf 90' lang='lat' dir='ltr'><strong>subtilior</strong></span> <span class='ocrx_word' id='word_1_151' title='bbox 1520 2505 1714 2568; x_wconf 90' lang='lat' dir='ltr'><strong>quam</strong></span> <span class='ocrx_word' id='word_1_152' title='bbox 1761 2486 2151 2552; x_wconf 82' lang='lat' dir='ltr'><strong>commodior</strong></span> <span class='ocrx_word' id='word_1_153' title='bbox 2193 2485 2459 2552; x_wconf 89' lang='lat' dir='ltr'><strong>fuisset:</strong></span> <span class='ocrx_word' id='word_1_154' title='bbox 2516 2505 2629 2552; x_wconf 91' lang='lat' dir='ltr'><strong>ne-</strong></span> 
     </span>
     <span class='ocr_line' id='line_1_21' title="bbox 488 2591 2628 2683; baseline -0.002 -19"><span class='ocrx_word' id='word_1_155' title='bbox 488 2618 609 2681; x_wconf 92' lang='lat' dir='ltr'><strong>que</strong></span> <span class='ocrx_word' id='word_1_156' title='bbox 653 2599 820 2663; x_wconf 89' lang='lat' dir='ltr'><strong>enim</strong></span> <span class='ocrx_word' id='word_1_157' title='bbox 881 2597 1151 2663; x_wconf 91' lang='lat' dir='ltr'><strong>sublime</strong></span> <span class='ocrx_word' id='word_1_158' title='bbox 1207 2617 1409 2680; x_wconf 90' lang='lat' dir='ltr'><strong>genus</strong></span> <span class='ocrx_word' id='word_1_159' title='bbox 1454 2603 1568 2663; x_wconf 92' lang='lat' dir='ltr'><strong>aut</strong></span> <span class='ocrx_word' id='word_1_160' title='bbox 1628 2605 1820 2665; x_wconf 88' lang='lat' dir='ltr'><strong>tenue</strong></span> <span class='ocrx_word' id='word_1_161' title='bbox 1876 2591 2063 2683; x_wconf 79' lang='grc' dir='ltr'><strong><em>χάριν</em></strong></span> <span class='ocrx_word' id='word_1_162' title='bbox 2120 2604 2235 2664; x_wconf 89' lang='lat' dir='ltr'><strong>aut</strong></span> <span class='ocrx_word' id='word_1_163' title='bbox 2295 2591 2628 2682; x_wconf 80' lang='grc' dir='ltr'><strong><em>δεινότητα</em></strong></span> 
     </span>
     <span class='ocr_line' id='line_1_22' title="bbox 489 2708 2708 2792; baseline -0.001 -17"><span class='ocrx_word' id='word_1_164' title='bbox 489 2711 829 2792; x_wconf 87' lang='lat' dir='ltr'><strong>accipiunt,</strong></span> <span class='ocrx_word' id='word_1_165' title='bbox 875 2708 990 2775; x_wconf 88' lang='lat' dir='ltr'><strong>sed</strong></span> <span class='ocrx_word' id='word_1_166' title='bbox 1032 2709 1154 2775; x_wconf 89' lang='lat' dir='ltr'><strong>hae</strong></span> <span class='ocrx_word' id='word_1_167' title='bbox 1198 2708 1442 2776; x_wconf 89' lang='lat' dir='ltr'><strong>formae</strong></span> <span class='ocrx_word' id='word_1_168' title='bbox 1487 2711 1861 2776; x_wconf 83' lang='lat' dir='ltr'><strong>elocutionis</strong></span> <span class='ocrx_word' id='word_1_169' title='bbox 1923 2712 1989 2776; x_wconf 94' lang='lat' dir='ltr'><strong>in</strong></span> <span class='ocrx_word' id='word_1_170' title='bbox 2036 2711 2173 2777; x_wconf 87' lang='lat' dir='ltr'><strong>solo</strong></span> <span class='ocrx_word' id='word_1_171' title='bbox 2217 2709 2353 2776; x_wconf 90' lang='lat' dir='ltr'><strong>fere</strong></span> <span class='ocrx_word' id='word_1_172' title='bbox 2398 2727 2628 2791; x_wconf 84' lang='lat' dir='ltr'><strong>genere</strong></span> <span class='ocrx_word' id='word_1_173' title='bbox 2700 2733 2708 2736; x_wconf 87' lang='lat'>·</span> 
     </span>
     <span class='ocr_line' id='line_1_23' title="bbox 489 2822 2626 2905; baseline 0 -19"><span class='ocrx_word' id='word_1_174' title='bbox 489 2822 698 2888; x_wconf 94' lang='lat' dir='ltr'><strong>medio</strong></span> <span class='ocrx_word' id='word_1_175' title='bbox 743 2823 1192 2902; x_wconf 89' lang='lat' dir='ltr'><strong>reperiuntur..</strong></span> <span class='ocrx_word' id='word_1_176' title='bbox 1259 2822 1486 2904; x_wconf 90' lang='lat' dir='ltr'><strong>Itaque</strong></span> <span class='ocrx_word' id='word_1_177' title='bbox 1543 2842 1671 2888; x_wconf 92' lang='grc'><strong>11011</strong></span> <span class='ocrx_word' id='word_1_178' title='bbox 1714 2822 1883 2889; x_wconf 91' lang='lat' dir='ltr'><strong>male</strong></span> <span class='ocrx_word' id='word_1_179' title='bbox 1943 2829 2203 2904; x_wconf 90' lang='lat' dir='ltr'><strong>poterat</strong></span> <span class='ocrx_word' id='word_1_180' title='bbox 2247 2823 2389 2905; x_wconf 91' lang='lat' dir='ltr'><strong>quis</strong></span> <span class='ocrx_word' id='word_1_181' title='bbox 2433 2840 2626 2904; x_wconf 90' lang='lat' dir='ltr'><strong>gene-</strong></span> 
     </span>
     <span class='ocr_line' id='line_1_24' title="bbox 489 2932 2627 3014; baseline 0 -16"><span class='ocrx_word' id='word_1_182' title='bbox 489 2932 668 3000; x_wconf 89' lang='lat' dir='ltr'><strong>ribus</strong></span> <span class='ocrx_word' id='word_1_183' title='bbox 715 2932 969 2998; x_wconf 90' lang='lat' dir='ltr'><strong>sublimi</strong></span> <span class='ocrx_word' id='word_1_184' title='bbox 1013 2938 1079 2998; x_wconf 91' lang='lat' dir='ltr'><strong>et</strong></span> <span class='ocrx_word' id='word_1_185' title='bbox 1122 2934 1300 2998; x_wconf 90' lang='lat' dir='ltr'><strong>tenui</strong></span> <span class='ocrx_word' id='word_1_186' title='bbox 1346 2935 1618 3000; x_wconf 87' lang='lat' dir='ltr'><strong>servatis</strong></span> <span class='ocrx_word' id='word_1_187' title='bbox 1664 2933 1729 2999; x_wconf 89' lang='lat' dir='ltr'><strong>in</strong></span> <span class='ocrx_word' id='word_1_188' title='bbox 1774 2935 1914 3000; x_wconf 90' lang='lat' dir='ltr'><strong>solo</strong></span> <span class='ocrx_word' id='word_1_189' title='bbox 1943 2935 2155 3000; x_wconf 89' lang='lat' dir='ltr'><strong>medio</strong></span> <span class='ocrx_word' id='word_1_190' title='bbox 2201 2940 2335 3000; x_wconf 90' lang='lat' dir='ltr'><strong>tres</strong></span> <span class='ocrx_word' id='word_1_191' title='bbox 2380 2934 2627 3014; x_wconf 89' lang='lat' dir='ltr'><strong>species</strong></span> 
     </span>
     <span class='ocr_line' id='line_1_25' title="bbox 486 3044 2626 3128; baseline -0 -18"><span class='ocrx_word' id='word_1_192' title='bbox 486 3045 634 3110; x_wconf 90' lang='lat' dir='ltr'><strong>illas</strong></span> <span class='ocrx_word' id='word_1_193' title='bbox 696 3044 1107 3125; x_wconf 84' lang='lat' dir='ltr'><strong>distinguere.</strong></span> <span class='ocrx_word' id='word_1_194' title='bbox 1213 3046 1426 3128; x_wconf 88' lang='lat' dir='ltr'><strong>Atque</strong></span> <span class='ocrx_word' id='word_1_195' title='bbox 1490 3045 1610 3111; x_wconf 91' lang='lat' dir='ltr'><strong>hoc</strong></span> <span class='ocrx_word' id='word_1_196' title='bbox 1669 3046 1899 3112; x_wconf 90' lang='lat' dir='ltr'><strong>fecisse</strong></span> <span class='ocrx_word' id='word_1_197' title='bbox 1958 3050 2120 3128; x_wconf 90' lang='lat' dir='ltr'><strong>puto</strong></span> <span class='ocrx_word' id='word_1_198' title='bbox 2182 3045 2626 3128; x_wconf 85' lang='lat' dir='ltr'><strong>Hipparchum</strong></span> 
     </span>
     <span class='ocr_line' id='line_1_26' title="bbox 487 3153 2619 3240; baseline -0 -18"><span class='ocrx_word' id='word_1_199' title='bbox 487 3157 824 3240; x_wconf 87' lang='lat' dir='ltr'><strong>quendam,</strong></span> <span class='ocrx_word' id='word_1_200' title='bbox 870 3156 976 3236; x_wconf 91' lang='lat' dir='ltr'><strong>qui</strong></span> <span class='ocrx_word' id='word_1_201' title='bbox 1019 3154 1177 3221; x_wconf 87' lang='lat' dir='ltr'><strong>haec</strong></span> <span class='ocrx_word' id='word_1_202' title='bbox 1222 3173 1458 3236; x_wconf 90' lang='lat' dir='ltr'><strong>genera</strong></span> <span class='ocrx_word' id='word_1_203' title='bbox 1502 3158 1758 3224; x_wconf 83' lang='lat' dir='ltr'><strong>dicendi</strong></span> <span class='ocrx_word' id='word_1_204' title='bbox 1800 3158 2058 3223; x_wconf 87' lang='lat' dir='ltr'><strong>videtur</strong></span> <span class='ocrx_word' id='word_1_205' title='bbox 2102 3156 2466 3223; x_wconf 83' lang='lat' dir='ltr'><strong>exhibuisse</strong></span> <span class='ocrx_word' id='word_1_206' title='bbox 2512 3153 2619 3238; x_wconf 87' lang='lat' dir='ltr'><strong>(cf.</strong></span> 
     </span>
     <span class='ocr_line' id='line_1_27' title="bbox 487 3261 2618 3353; baseline -0.001 -21"><span class='ocrx_word' id='word_1_207' title='bbox 487 3268 564 3350; x_wconf 64' lang='grc' dir='ltr'><strong>ἓξ</strong></span> <span class='ocrx_word' id='word_1_208' title='bbox 600 3267 696 3332; x_wconf 88' lang='grc'><strong>19.</strong></span> <span class='ocrx_word' id='word_1_209' title='bbox 745 3267 892 3350; x_wconf 85' lang='grc'><strong>21);</strong></span> <span class='ocrx_word' id='word_1_210' title='bbox 937 3263 1458 3351; x_wconf 82' lang='grc' dir='ltr'><strong><em>μεγαλοπρεπές,</em></strong></span> <span class='ocrx_word' id='word_1_211' title='bbox 1507 3262 1743 3349; x_wconf 82' lang='grc' dir='ltr'><strong><em>ἰσχνόν,</em></strong></span> <span class='ocrx_word' id='word_1_212' title='bbox 1790 3263 2138 3353; x_wconf 79' lang='grc' dir='ltr'><strong><em>γλαφυρόν,</em></strong></span> <span class='ocrx_word' id='word_1_213' title='bbox 2186 3261 2412 3346; x_wconf 88' lang='grc' dir='ltr'><strong><em>δεινόν,</em></strong></span> <span class='ocrx_word' id='word_1_214' title='bbox 2458 3288 2618 3353; x_wconf 79' lang='grc' dir='ltr'><strong><em>γρα-</em></strong></span> 
     </span>
     <span class='ocr_line' id='line_1_28' title="bbox 487 3372 2623 3464; baseline 0.002 -22"><span class='ocrx_word' id='word_1_215' title='bbox 487 3372 712 3464; x_wconf 82' lang='grc' dir='ltr'><strong><em>φικόν;</em></strong></span> <span class='ocrx_word' id='word_1_216' title='bbox 776 3398 851 3445; x_wconf 83' lang='lat' dir='ltr'><strong>ex</strong></span> <span class='ocrx_word' id='word_1_217' title='bbox 896 3379 1126 3462; x_wconf 92' lang='lat' dir='ltr'><strong>quibus</strong></span> <span class='ocrx_word' id='word_1_218' title='bbox 1172 3379 1300 3444; x_wconf 89' lang='lat' dir='ltr'><strong>tria</strong></span> <span class='ocrx_word' id='word_1_219' title='bbox 1342 3381 1569 3445; x_wconf 91' lang='lat' dir='ltr'><strong>ultima</strong></span> <span class='ocrx_word' id='word_1_220' title='bbox 1629 3379 1749 3446; x_wconf 88' lang='lat' dir='ltr'><strong>sub</strong></span> <span class='ocrx_word' id='word_1_221' title='bbox 1808 3399 2011 3462; x_wconf 85' lang='lat' dir='ltr'><strong>genus</strong></span> <span class='ocrx_word' id='word_1_222' title='bbox 2066 3381 2348 3446; x_wconf 89' lang='lat' dir='ltr'><strong>medium</strong></span> <span class='ocrx_word' id='word_1_223' title='bbox 2394 3380 2623 3446; x_wconf 89' lang='lat' dir='ltr'><strong>cadere</strong></span> 
     </span>
     <span class='ocr_line' id='line_1_29' title="bbox 486 3483 2621 3576; baseline -0.002 -20"><span class='ocrx_word' id='word_1_224' title='bbox 486 3492 803 3573; x_wconf 88' lang='lat' dir='ltr'><strong>videntur,</strong></span> <span class='ocrx_word' id='word_1_225' title='bbox 845 3483 1168 3576; x_wconf 79' lang='grc' dir='ltr'><strong><em>γραφικόν</em></strong></span> <span class='ocrx_word' id='word_1_226' title='bbox 1198 3491 1334 3557; x_wconf 91' lang='lat' dir='ltr'><strong>eius</strong></span> <span class='ocrx_word' id='word_1_227' title='bbox 1379 3510 1456 3557; x_wconf 91' lang='lat' dir='ltr'><strong>ea</strong></span> <span class='ocrx_word' id='word_1_228' title='bbox 1487 3493 1735 3574; x_wconf 90' lang='lat' dir='ltr'><strong>species</strong></span> <span class='ocrx_word' id='word_1_229' title='bbox 1780 3511 1922 3558; x_wconf 91' lang='lat' dir='ltr'><strong>esse</strong></span> <span class='ocrx_word' id='word_1_230' title='bbox 1966 3511 2131 3575; x_wconf 91' lang='lat' dir='ltr'><strong>quae</strong></span> <span class='ocrx_word' id='word_1_231' title='bbox 2158 3510 2364 3575; x_wconf 90' lang='lat' dir='ltr'><strong>neque</strong></span> <span class='ocrx_word' id='word_1_232' title='bbox 2404 3484 2621 3572; x_wconf 79' lang='grc' dir='ltr'><strong><em>χάριτι</em></strong></span> 
     </span>
     <span class='ocr_line' id='line_1_30' title="bbox 485 3596 2622 3688; baseline 0 -20"><span class='ocrx_word' id='word_1_233' title='bbox 485 3621 691 3686; x_wconf 90' lang='lat' dir='ltr'><strong>neque</strong></span> <span class='ocrx_word' id='word_1_234' title='bbox 737 3596 1055 3688; x_wconf 81' lang='grc' dir='ltr'><strong><em>δεινότητι</em></strong></span> <span class='ocrx_word' id='word_1_235' title='bbox 1113 3603 1414 3684; x_wconf 87' lang='lat' dir='ltr'><strong>praedita</strong></span> <span class='ocrx_word' id='word_1_236' title='bbox 1478 3610 1594 3670; x_wconf 91' lang='lat' dir='ltr'><strong>est.</strong></span> <span class='ocrx_word' id='word_1_237' title='bbox 1683 3604 1930 3670; x_wconf 89' lang='lat' dir='ltr'><strong>Eadem</strong></span> <span class='ocrx_word' id='word_1_238' title='bbox 1973 3622 2212 3686; x_wconf 88' lang='lat' dir='ltr'><strong>genera</strong></span> <span class='ocrx_word' id='word_1_239' title='bbox 2254 3603 2622 3668; x_wconf 89' lang='lat' dir='ltr'><strong>Demetrius</strong></span> 
     </span>
     <span class='ocr_line' id='line_1_31' title="bbox 484 3713 2624 3798; baseline -0 -19"><span class='ocrx_word' id='word_1_240' title='bbox 484 3719 702 3781; x_wconf 89' lang='lat' dir='ltr'><strong>noster</strong></span> <span class='ocrx_word' id='word_1_241' title='bbox 719 3767 736 3797; x_wconf 94' lang='lat'><strong>,</strong></span> <span class='ocrx_word' id='word_1_242' title='bbox 797 3717 907 3797; x_wconf 92' lang='lat' dir='ltr'><strong>qui</strong></span> <span class='ocrx_word' id='word_1_243' title='bbox 948 3719 1098 3797; x_wconf 87' lang='lat' dir='ltr'><strong>post</strong></span> <span class='ocrx_word' id='word_1_244' title='bbox 1143 3715 1582 3798; x_wconf 89' lang='lat' dir='ltr'><strong>Hipparchum</strong></span> <span class='ocrx_word' id='word_1_245' title='bbox 1627 3717 1962 3798; x_wconf 90' lang='lat' dir='ltr'><strong>scripsisse</strong></span> <span class='ocrx_word' id='word_1_246' title='bbox 2007 3717 2306 3796; x_wconf 85' lang='lat' dir='ltr'><strong>traditur,</strong></span> <span class='ocrx_word' id='word_1_247' title='bbox 2367 3713 2624 3780; x_wconf 83' lang='lat' dir='ltr'><strong>exhibet</strong></span> 
     </span>
     <span class='ocr_line' id='line_1_32' title="bbox 486 3824 2619 3912; baseline -0.001 -20"><span class='ocrx_word' id='word_1_248' title='bbox 486 3831 755 3908; x_wconf 83' lang='lat' dir='ltr'><strong>excepto</strong></span> <span class='ocrx_word' id='word_1_249' title='bbox 799 3827 1124 3908; x_wconf 87' lang='lat' dir='ltr'><strong>graphico.</strong></span> <span class='ocrx_word' id='word_1_250' title='bbox 1213 3827 1390 3893; x_wconf 90' lang='lat' dir='ltr'><strong>Haec</strong></span> <span class='ocrx_word' id='word_1_251' title='bbox 1435 3835 1738 3911; x_wconf 89' lang='lat' dir='ltr'><strong>quattuor</strong></span> <span class='ocrx_word' id='word_1_252' title='bbox 1779 3839 2017 3912; x_wconf 86' lang='lat' dir='ltr'><strong>genera</strong></span> <span class='ocrx_word' id='word_1_253' title='bbox 2059 3830 2187 3895; x_wconf 91' lang='lat' dir='ltr'><strong>iam</strong></span> <span class='ocrx_word' id='word_1_254' title='bbox 2232 3831 2380 3892; x_wconf 84' lang='lat' dir='ltr'><strong>ante</strong></span> <span class='ocrx_word' id='word_1_255' title='bbox 2424 3845 2493 3891; x_wconf 89' lang='lat' dir='ltr'><strong>se</strong></span> <span class='ocrx_word' id='word_1_256' title='bbox 2538 3824 2619 3890; x_wconf 89' lang='lat' dir='ltr'><strong>ab</strong></span> 
     </span>
     <span class='ocr_line' id='line_1_33' title="bbox 486 3937 2620 4022; baseline 0 -19"><span class='ocrx_word' id='word_1_257' title='bbox 486 3937 632 4003; x_wconf 89' lang='lat' dir='ltr'><strong>aliis</strong></span> <span class='ocrx_word' id='word_1_258' title='bbox 674 3939 1008 4021; x_wconf 88' lang='lat' dir='ltr'><strong>proposita</strong></span> <span class='ocrx_word' id='word_1_259' title='bbox 1052 3958 1193 4006; x_wconf 90' lang='lat' dir='ltr'><strong>esse</strong></span> <span class='ocrx_word' id='word_1_260' title='bbox 1235 3939 1602 4008; x_wconf 89' lang='lat' dir='ltr'><strong>Demetrius</strong></span> <span class='ocrx_word' id='word_1_261' title='bbox 1644 3941 1787 4022; x_wconf 89' lang='lat' dir='ltr'><strong>ipse</strong></span> <span class='ocrx_word' id='word_1_262' title='bbox 1831 3940 1983 4022; x_wconf 77' lang='lat'><strong>§36</strong></span> <span class='ocrx_word' id='word_1_263' title='bbox 2027 3942 2204 4022; x_wconf 90' lang='lat' dir='ltr'><strong>dicit,</strong></span> <span class='ocrx_word' id='word_1_264' title='bbox 2250 3959 2361 4005; x_wconf 90' lang='lat' dir='ltr'><strong>eos</strong></span> <span class='ocrx_word' id='word_1_265' title='bbox 2405 3944 2620 4004; x_wconf 81' lang='lat' dir='ltr'><strong>autem</strong></span> 
     </span>
    </p>
   </div>
  </div>
 </body>
</html>
