<?xml version="1.0" encoding="UTF-8"?>
<!DOCTYPE html PUBLIC "-//W3C//DTD XHTML 1.0 Transitional//EN"
    "http://www.w3.org/TR/xhtml1/DTD/xhtml1-transitional.dtd">
<html xmlns="http://www.w3.org/1999/xhtml" xml:lang="en" lang="en">
 <head>
  <title>
</title>
<meta http-equiv="Content-Type" content="text/html;charset=utf-8" />
  <meta name='ocr-system' content='tesseract 3.04.00' />
  <meta name='ocr-capabilities' content='ocr_page ocr_carea ocr_par ocr_line ocrx_word'/>
</head>
<body>
  <div class='ocr_page' id='page_1' title='image "./dedemetriirheto00altsgoog_0042.png"; bbox 0 0 3309 4675; ppageno 0'>
   <div class='ocr_carea' id='block_1_1' title="bbox 1501 324 1919 389">
    <p class='ocr_par' dir='ltr' id='par_1_1' title="bbox 1501 324 1919 389">
     <span class='ocr_line' id='line_1_1' title="bbox 1501 324 1919 389; baseline 0 -20"><span class='ocrx_word' id='word_1_1' title='bbox 1501 324 1919 389; x_wconf 72' lang='grc'>-36-</span> 
     </span>
    </p>
   </div>
   <div class='ocr_carea' id='block_1_2' title="bbox 644 487 2797 3710">
    <p class='ocr_par' dir='ltr' id='par_1_2' title="bbox 644 487 2797 3710">
     <span class='ocr_line' id='line_1_2' title="bbox 644 487 2780 583; baseline 0 -24"><span class='ocrx_word' id='word_1_2' title='bbox 644 496 785 578; x_wconf 84' lang='lat' dir='ltr'><strong>eyd.</strong></span> <span class='ocrx_word' id='word_1_3' title='bbox 830 494 916 560; x_wconf 81' lang='grc'><strong><em>24</em></strong></span> <span class='ocrx_word' id='word_1_4' title='bbox 961 514 1021 577; x_wconf 86' lang='lat' dir='ltr'><strong><em>p.</em></strong></span> <span class='ocrx_word' id='word_1_5' title='bbox 1056 494 1182 560; x_wconf 88' lang='grc'><strong><em>869</em></strong></span> <span class='ocrx_word' id='word_1_6' title='bbox 1225 495 1338 561; x_wconf 87' lang='lat' dir='ltr'><strong>ult.</strong></span> <span class='ocrx_word' id='word_1_7' title='bbox 1386 489 1739 580; x_wconf 79' lang='grc' dir='ltr'><strong><em>,,χριόματα</em></strong></span> <span class='ocrx_word' id='word_1_8' title='bbox 1785 487 1849 558; x_wconf 75' lang='grc' dir='ltr'><strong><em>δ’</em></strong></span> <span class='ocrx_word' id='word_1_9' title='bbox 1896 487 2090 583; x_wconf 78' lang='grc' dir='ltr'><strong><em>αὐτῆς</em></strong></span> <span class='ocrx_word' id='word_1_10' title='bbox 2133 496 2248 577; x_wconf 83' lang='lat' dir='ltr'><strong>(sc.</strong></span> <span class='ocrx_word' id='word_1_11' title='bbox 2295 496 2409 582; x_wconf 81' lang='grc' dir='ltr'><strong><em>τῆς</em></strong></span> <span class='ocrx_word' id='word_1_12' title='bbox 2458 489 2780 559; x_wconf 82' lang='grc' dir='ltr'><strong><em>Θουκυδί-</em></strong></span> 
     </span>
     <span class='ocr_line' id='line_1_3' title="bbox 646 599 2779 693; baseline 0 -25"><span class='ocrx_word' id='word_1_13' title='bbox 646 603 763 669; x_wconf 93' lang='grc' dir='ltr'><strong><em>δου</em></strong></span> <span class='ocrx_word' id='word_1_14' title='bbox 805 602 1074 687; x_wconf 82' lang='grc' dir='ltr'><strong><em>λέξεως)</em></strong></span> <span class='ocrx_word' id='word_1_15' title='bbox 1117 599 1194 670; x_wconf 86' lang='grc' dir='ltr'><strong><em>τό</em></strong></span> <span class='ocrx_word' id='word_1_16' title='bbox 1240 628 1309 669; x_wconf 91' lang='grc' dir='ltr'><strong><em>τε</em></strong></span> <span class='ocrx_word' id='word_1_17' title='bbox 1340 603 1666 692; x_wconf 84' lang='grc' dir='ltr'><strong><em>στρυφνὸν</em></strong></span> <span class='ocrx_word' id='word_1_18' title='bbox 1709 602 1822 671; x_wconf 86' lang='grc' dir='ltr'><strong><em>καὶ</em></strong></span> <span class='ocrx_word' id='word_1_19' title='bbox 1865 604 1941 671; x_wconf 85' lang='grc' dir='ltr'><strong><em>τὸ</em></strong></span> <span class='ocrx_word' id='word_1_20' title='bbox 1973 603 2217 672; x_wconf 80' lang='grc' dir='ltr'><strong><em>πυκνὸν</em></strong></span> <span class='ocrx_word' id='word_1_21' title='bbox 2258 604 2375 689; x_wconf 81' lang='grc' dir='ltr'><strong><em>καὶ</em></strong></span> <span class='ocrx_word' id='word_1_22' title='bbox 2417 604 2493 671; x_wconf 85' lang='grc' dir='ltr'><strong><em>τὸ</em></strong></span> <span class='ocrx_word' id='word_1_23' title='bbox 2540 602 2779 693; x_wconf 84' lang='grc' dir='ltr'><strong><em>πικρὸν</em></strong></span> 
     </span>
     <span class='ocr_line' id='line_1_4' title="bbox 645 708 2780 804; baseline 0 -24"><span class='ocrx_word' id='word_1_24' title='bbox 645 713 756 780; x_wconf 82' lang='grc' dir='ltr'><strong><em>καὶ</em></strong></span> <span class='ocrx_word' id='word_1_25' title='bbox 799 714 877 781; x_wconf 80' lang='grc' dir='ltr'><strong><em>τὸ</em></strong></span> <span class='ocrx_word' id='word_1_26' title='bbox 924 708 1241 803; x_wconf 75' lang='grc' dir='ltr'><strong><em>αὐστηρὸν</em></strong></span> <span class='ocrx_word' id='word_1_27' title='bbox 1301 715 1412 782; x_wconf 82' lang='grc' dir='ltr'><strong><em>καὶ</em></strong></span> <span class='ocrx_word' id='word_1_28' title='bbox 1473 714 1548 783; x_wconf 86' lang='grc' dir='ltr'>τό</span> <span class='ocrx_word' id='word_1_29' title='bbox 1597 714 1920 804; x_wconf 75' lang='grc' dir='ltr'><strong><em>ἐμβριθὲς</em></strong></span> <span class='ocrx_word' id='word_1_30' title='bbox 1970 714 2085 783; x_wconf 79' lang='grc' dir='ltr'><strong><em>καὶ</em></strong></span> <span class='ocrx_word' id='word_1_31' title='bbox 2140 716 2219 783; x_wconf 86' lang='grc' dir='ltr'><strong><em>τὸ</em></strong></span> <span class='ocrx_word' id='word_1_32' title='bbox 2279 717 2490 784; x_wconf 83' lang='grc' dir='ltr'><strong><em>δεινὸν</em></strong></span> <span class='ocrx_word' id='word_1_33' title='bbox 2548 714 2659 783; x_wconf 85' lang='grc' dir='ltr'><strong><em>καὶ</em></strong></span> <span class='ocrx_word' id='word_1_34' title='bbox 2704 716 2780 781; x_wconf 84' lang='grc' dir='ltr'><strong><em>τὸ</em></strong></span> 
     </span>
     <span class='ocr_line' id='line_1_5' title="bbox 645 822 2783 916; baseline 0.002 -24"><span class='ocrx_word' id='word_1_35' title='bbox 645 827 948 913; x_wconf 81' lang='grc' dir='ltr'><strong><em>φοβερὸν,</em></strong></span> <span class='ocrx_word' id='word_1_36' title='bbox 995 822 1164 916; x_wconf 63' lang='grc' dir='ltr'><strong><em>ὑπὲρ</em></strong></span> <span class='ocrx_word' id='word_1_37' title='bbox 1194 822 1461 894; x_wconf 75' lang='grc' dir='ltr'><strong><em>ἅπαντα</em></strong></span> <span class='ocrx_word' id='word_1_38' title='bbox 1492 827 1565 894; x_wconf 85' lang='grc' dir='ltr'><strong><em>δέ</em></strong></span> <span class='ocrx_word' id='word_1_39' title='bbox 1595 827 1805 893; x_wconf 81' lang='grc' dir='ltr'><strong><em>ταῦτα</em></strong></span> <span class='ocrx_word' id='word_1_40' title='bbox 1832 827 1909 894; x_wconf 84' lang='grc' dir='ltr'><strong><em>τὸ</em></strong></span> <span class='ocrx_word' id='word_1_41' title='bbox 1940 824 2379 915; x_wconf 77' lang='grc' dir='ltr'><strong><em>παθητικόν,“</em></strong></span> <span class='ocrx_word' id='word_1_42' title='bbox 2424 830 2508 894; x_wconf 84' lang='grc'><strong><em>24</em></strong></span> <span class='ocrx_word' id='word_1_43' title='bbox 2537 850 2598 911; x_wconf 89' lang='lat' dir='ltr'><strong><em>p.</em></strong></span> <span class='ocrx_word' id='word_1_44' title='bbox 2634 830 2783 911; x_wconf 85' lang='lat'><strong>865,</strong></span> 
     </span>
     <span class='ocr_line' id='line_1_6' title="bbox 654 941 2783 1026; baseline 0.002 -25"><span class='ocrx_word' id='word_1_45' title='bbox 654 948 748 1023; x_wconf 85' lang='lat'><strong><em>10,</em></strong></span> <span class='ocrx_word' id='word_1_46' title='bbox 793 941 904 1006; x_wconf 92' lang='lat' dir='ltr'><strong>ubi</strong></span> <span class='ocrx_word' id='word_1_47' title='bbox 946 941 1063 1006; x_wconf 87' lang='lat' dir='ltr'><strong>has</strong></span> <span class='ocrx_word' id='word_1_48' title='bbox 1104 942 1381 1007; x_wconf 86' lang='lat' dir='ltr'><strong>virtutes</strong></span> <span class='ocrx_word' id='word_1_49' title='bbox 1423 941 1772 1026; x_wconf 88' lang='lat' dir='ltr'><strong>Dionysius</strong></span> <span class='ocrx_word' id='word_1_50' title='bbox 1814 944 2004 1008; x_wconf 89' lang='lat' dir='ltr'><strong>docet</strong></span> <span class='ocrx_word' id='word_1_51' title='bbox 2047 944 2112 1009; x_wconf 92' lang='lat' dir='ltr'><strong>in</strong></span> <span class='ocrx_word' id='word_1_52' title='bbox 2157 942 2395 1009; x_wconf 89' lang='lat' dir='ltr'><strong>nullius</strong></span> <span class='ocrx_word' id='word_1_53' title='bbox 2440 960 2516 1007; x_wconf 86' lang='lat' dir='ltr'><strong>ex</strong></span> <span class='ocrx_word' id='word_1_54' title='bbox 2560 943 2639 1009; x_wconf 91' lang='lat' dir='ltr'><strong><em>iis</em></strong></span> <span class='ocrx_word' id='word_1_55' title='bbox 2683 942 2783 1007; x_wconf 93' lang='lat' dir='ltr'><strong>hi-</strong></span> 
     </span>
     <span class='ocr_line' id='line_1_7' title="bbox 645 1052 2785 1137; baseline 0.002 -20"><span class='ocrx_word' id='word_1_56' title='bbox 645 1052 919 1133; x_wconf 81' lang='lat' dir='ltr'><strong>storiciS‚</strong></span> <span class='ocrx_word' id='word_1_57' title='bbox 965 1054 1076 1135; x_wconf 90' lang='lat' dir='ltr'><strong>qui</strong></span> <span class='ocrx_word' id='word_1_58' title='bbox 1106 1058 1256 1119; x_wconf 85' lang='lat' dir='ltr'><strong>ante</strong></span> <span class='ocrx_word' id='word_1_59' title='bbox 1289 1052 1722 1137; x_wconf 79' lang='lat' dir='ltr'>Thucydidem</span> <span class='ocrx_word' id='word_1_60' title='bbox 1754 1054 2152 1136; x_wconf 82' lang='lat' dir='ltr'><strong>scripserint,</strong></span> <span class='ocrx_word' id='word_1_61' title='bbox 2198 1055 2555 1121; x_wconf 83' lang='lat' dir='ltr'><strong>elocutione</strong></span> <span class='ocrx_word' id='word_1_62' title='bbox 2584 1054 2785 1121; x_wconf 85' lang='lat' dir='ltr'><strong>fuisse</strong></span> 
     </span>
     <span class='ocr_line' id='line_1_8' title="bbox 647 1164 2784 1250; baseline 0.001 -21"><span class='ocrx_word' id='word_1_63' title='bbox 647 1164 848 1248; x_wconf 87' lang='lat' dir='ltr'><strong>(apud</strong></span> <span class='ocrx_word' id='word_1_64' title='bbox 891 1165 1328 1249; x_wconf 84' lang='lat' dir='ltr'><strong>Thucydidem</strong></span> <span class='ocrx_word' id='word_1_65' title='bbox 1375 1184 1485 1231; x_wconf 84' lang='lat' dir='ltr'><strong><em>eas</em></strong></span> <span class='ocrx_word' id='word_1_66' title='bbox 1540 1170 1761 1233; x_wconf 83' lang='lat' dir='ltr'><strong>extare</strong></span> <span class='ocrx_word' id='word_1_67' title='bbox 1804 1185 1927 1232; x_wconf 90' lang='lat' dir='ltr'><strong><em>non</em></strong></span> <span class='ocrx_word' id='word_1_68' title='bbox 1976 1167 2295 1249; x_wconf 82' lang='lat' dir='ltr'><strong>expressis</strong></span> <span class='ocrx_word' id='word_1_69' title='bbox 2340 1168 2598 1250; x_wconf 89' lang='lat' dir='ltr'><strong>quidem</strong></span> <span class='ocrx_word' id='word_1_70' title='bbox 2641 1186 2784 1232; x_wconf 87' lang='lat' dir='ltr'><strong>ver-</strong></span> 
     </span>
     <span class='ocr_line' id='line_1_9' title="bbox 647 1268 2790 1363; baseline -0 -21"><span class='ocrx_word' id='word_1_71' title='bbox 647 1277 746 1342; x_wconf 86' lang='lat' dir='ltr'><strong><em>bis</em></strong></span> <span class='ocrx_word' id='word_1_72' title='bbox 789 1277 970 1359; x_wconf 84' lang='lat' dir='ltr'><strong>dicit,</strong></span> <span class='ocrx_word' id='word_1_73' title='bbox 1017 1278 1130 1343; x_wconf 86' lang='lat' dir='ltr'><strong><em>sed</em></strong></span> <span class='ocrx_word' id='word_1_74' title='bbox 1175 1276 1460 1360; x_wconf 82' lang='lat' dir='ltr'><strong>intellegi</strong></span> <span class='ocrx_word' id='word_1_75' title='bbox 1504 1278 1707 1359; x_wconf 84' lang='lat' dir='ltr'><strong>vult):</strong></span> <span class='ocrx_word' id='word_1_76' title='bbox 1772 1268 1969 1357; x_wconf 80' lang='grc' dir='ltr'><strong><em>,,οὗδέ</em></strong></span> <span class='ocrx_word' id='word_1_77' title='bbox 2012 1272 2092 1363; x_wconf 86' lang='grc' dir='ltr'><strong><em>δὴ</em></strong></span> <span class='ocrx_word' id='word_1_78' title='bbox 2137 1271 2330 1341; x_wconf 80' lang='grc' dir='ltr'><strong><em>τόνον</em></strong></span> <span class='ocrx_word' id='word_1_79' title='bbox 2390 1270 2543 1342; x_wconf 78' lang='grc' dir='ltr'><strong><em>οὐδὲ</em></strong></span> <span class='ocrx_word' id='word_1_80' title='bbox 2584 1271 2790 1362; x_wconf 80' lang='grc' dir='ltr'><em>βάρος</em></span> 
     </span>
     <span class='ocr_line' id='line_1_10' title="bbox 648 1380 2791 1476; baseline 0 -25"><span class='ocrx_word' id='word_1_81' title='bbox 648 1380 800 1452; x_wconf 75' lang='grc' dir='ltr'><strong><em>οὐδὲ</em></strong></span> <span class='ocrx_word' id='word_1_82' title='bbox 844 1383 1074 1463; x_wconf 70' lang='grc' dir='ltr'><strong><em>πάθος</em></strong></span> <span class='ocrx_word' id='word_1_83' title='bbox 1118 1384 1515 1474; x_wconf 79' lang='grc' dir='ltr'><strong><em>διεγείροντα</em></strong></span> <span class='ocrx_word' id='word_1_84' title='bbox 1557 1385 1673 1453; x_wconf 84' lang='grc' dir='ltr'><strong><em>τὸν</em></strong></span> <span class='ocrx_word' id='word_1_85' title='bbox 1717 1390 1883 1468; x_wconf 75' lang='grc' dir='ltr'><strong><em>νοῦν,</em></strong></span> <span class='ocrx_word' id='word_1_86' title='bbox 1950 1381 2102 1455; x_wconf 75' lang='grc' dir='ltr'><strong><em>οὐδὲ</em></strong></span> <span class='ocrx_word' id='word_1_87' title='bbox 2144 1386 2221 1453; x_wconf 81' lang='grc' dir='ltr'><strong><em>τὸ</em></strong></span> <span class='ocrx_word' id='word_1_88' title='bbox 2270 1384 2633 1476; x_wconf 83' lang='grc' dir='ltr'><strong><em>ἐῤῥωμένον</em></strong></span> <span class='ocrx_word' id='word_1_89' title='bbox 2675 1384 2791 1452; x_wconf 82' lang='grc' dir='ltr'><strong><em>καὶ</em></strong></span> 
     </span>
     <span class='ocr_line' id='line_1_11' title="bbox 652 1488 2786 1588; baseline 0.001 -27"><span class='ocrx_word' id='word_1_90' title='bbox 652 1494 998 1582; x_wconf 75' lang='grc' dir='ltr'><strong><em>ἐναγώνιον</em></strong></span> <span class='ocrx_word' id='word_1_91' title='bbox 1042 1499 1301 1585; x_wconf 78' lang='grc' dir='ltr'><strong><em>πνεῦμα</em></strong></span> <span class='ocrx_word' id='word_1_92' title='bbox 1317 1551 1334 1581; x_wconf 89' lang='grc'><strong><em>,</em></strong></span> <span class='ocrx_word' id='word_1_93' title='bbox 1391 1498 1467 1582; x_wconf 82' lang='grc' dir='ltr'><strong><em>ἐξ</em></strong></span> <span class='ocrx_word' id='word_1_94' title='bbox 1511 1488 1599 1564; x_wconf 83' lang='grc' dir='ltr'><strong><em>ὧν</em></strong></span> <span class='ocrx_word' id='word_1_95' title='bbox 1661 1494 1700 1588; x_wconf 77' lang='grc' dir='ltr'>ἣ</span> <span class='ocrx_word' id='word_1_96' title='bbox 1741 1498 2102 1586; x_wconf 82' lang='grc' dir='ltr'><strong><em>καλουμένη</em></strong></span> <span class='ocrx_word' id='word_1_97' title='bbox 2144 1495 2392 1584; x_wconf 87' lang='grc' dir='ltr'><strong><em>γίνεται</em></strong></span> <span class='ocrx_word' id='word_1_98' title='bbox 2435 1494 2786 1585; x_wconf 51' lang='grc' dir='ltr'><strong><em>δεινότηςιι,</em></strong></span> 
     </span>
     <span class='ocr_line' id='line_1_12' title="bbox 649 1611 2791 1697; baseline 0.002 -22"><span class='ocrx_word' id='word_1_99' title='bbox 649 1612 733 1677; x_wconf 90' lang='grc'><strong><em>48</em></strong></span> <span class='ocrx_word' id='word_1_100' title='bbox 765 1632 826 1693; x_wconf 90' lang='lat' dir='ltr'><strong><em>p.</em></strong></span> <span class='ocrx_word' id='word_1_101' title='bbox 861 1611 1007 1695; x_wconf 85' lang='lat'><strong>933,</strong></span> <span class='ocrx_word' id='word_1_102' title='bbox 1049 1620 1140 1692; x_wconf 86' lang='lat'><strong><em>13,</em></strong></span> <span class='ocrx_word' id='word_1_103' title='bbox 1185 1613 1293 1678; x_wconf 93' lang='lat' dir='ltr'><strong>ubi</strong></span> <span class='ocrx_word' id='word_1_104' title='bbox 1331 1614 1410 1679; x_wconf 91' lang='lat' dir='ltr'><strong>de</strong></span> <span class='ocrx_word' id='word_1_105' title='bbox 1439 1615 1599 1697; x_wconf 89' lang='lat' dir='ltr'><strong>loco,</strong></span> <span class='ocrx_word' id='word_1_106' title='bbox 1644 1633 1833 1696; x_wconf 89' lang='lat' dir='ltr'><strong>quem</strong></span> <span class='ocrx_word' id='word_1_107' title='bbox 1878 1634 1913 1680; x_wconf 94' lang='lat' dir='ltr'><strong>e</strong></span> <span class='ocrx_word' id='word_1_108' title='bbox 1945 1613 2320 1697; x_wconf 85' lang='lat' dir='ltr'><strong>Thucydide</strong></span> <span class='ocrx_word' id='word_1_109' title='bbox 2350 1613 2588 1693; x_wconf 85' lang='lat' dir='ltr'><strong>attulit,</strong></span> <span class='ocrx_word' id='word_1_110' title='bbox 2631 1613 2791 1679; x_wconf 85' lang='lat' dir='ltr'><strong>haec</strong></span> 
     </span>
     <span class='ocr_line' id='line_1_13' title="bbox 654 1719 2789 1809; baseline -0 -22"><span class='ocrx_word' id='word_1_111' title='bbox 654 1723 844 1788; x_wconf 84' lang='lat' dir='ltr'><strong>dicit:</strong></span> <span class='ocrx_word' id='word_1_112' title='bbox 887 1722 1137 1803; x_wconf 59' lang='grc' dir='ltr'><strong><em>»ταῦτα</em></strong></span> <span class='ocrx_word' id='word_1_113' title='bbox 1177 1720 1302 1807; x_wconf 79' lang='grc' dir='ltr'><strong><em>γὰρ</em></strong></span> <span class='ocrx_word' id='word_1_114' title='bbox 1338 1721 1408 1788; x_wconf 82' lang='grc' dir='ltr'><strong><em>ἐν</em></strong></span> <span class='ocrx_word' id='word_1_115' title='bbox 1450 1722 1542 1809; x_wconf 77' lang='grc' dir='ltr'><strong><em>τῷ</em></strong></span> <span class='ocrx_word' id='word_1_116' title='bbox 1575 1726 1780 1809; x_wconf 85' lang='grc' dir='ltr'><strong><em>σαφεῖ</em></strong></span> <span class='ocrx_word' id='word_1_117' title='bbox 1823 1721 1933 1788; x_wconf 84' lang='grc' dir='ltr'><strong><em>καὶ</em></strong></span> <span class='ocrx_word' id='word_1_118' title='bbox 1964 1725 2243 1809; x_wconf 74' lang='grc' dir='ltr'><strong><em>καθαρῷ</em></strong></span> <span class='ocrx_word' id='word_1_119' title='bbox 2288 1724 2404 1809; x_wconf 84' lang='grc' dir='ltr'><strong><em>τῆς</em></strong></span> <span class='ocrx_word' id='word_1_120' title='bbox 2447 1719 2789 1789; x_wconf 81' lang='grc' dir='ltr'><strong><em>διαλέκτου</em></strong></span> 
     </span>
     <span class='ocr_line' id='line_1_14' title="bbox 651 1829 2789 1921; baseline 0 -24"><span class='ocrx_word' id='word_1_121' title='bbox 651 1829 883 1920; x_wconf 80' lang='grc' dir='ltr'><strong><em>τρόπῳ</em></strong></span> <span class='ocrx_word' id='word_1_122' title='bbox 929 1830 1243 1919; x_wconf 83' lang='grc' dir='ltr'><strong><em>λεγόμενα</em></strong></span> <span class='ocrx_word' id='word_1_123' title='bbox 1286 1830 1694 1921; x_wconf 84' lang='grc' dir='ltr'><strong><em>προσείληφε</em></strong></span> <span class='ocrx_word' id='word_1_124' title='bbox 1752 1832 1864 1900; x_wconf 84' lang='grc' dir='ltr'><strong><em>καὶ</em></strong></span> <span class='ocrx_word' id='word_1_125' title='bbox 1908 1832 1985 1898; x_wconf 84' lang='grc' dir='ltr'><strong><em>τὸ</em></strong></span> <span class='ocrx_word' id='word_1_126' title='bbox 2029 1829 2227 1914; x_wconf 87' lang='grc' dir='ltr'><strong><em>τάχος</em></strong></span> <span class='ocrx_word' id='word_1_127' title='bbox 2271 1832 2385 1899; x_wconf 84' lang='grc' dir='ltr'><strong><em>καὶ</em></strong></span> <span class='ocrx_word' id='word_1_128' title='bbox 2429 1832 2505 1898; x_wconf 85' lang='grc' dir='ltr'><strong><em>τὸ</em></strong></span> <span class='ocrx_word' id='word_1_129' title='bbox 2548 1829 2789 1911; x_wconf 84' lang='grc' dir='ltr'><strong><em>κάλλος</em></strong></span> 
     </span>
     <span class='ocr_line' id='line_1_15' title="bbox 651 1942 2789 2035; baseline 0.001 -27"><span class='ocrx_word' id='word_1_130' title='bbox 651 1942 766 2010; x_wconf 85' lang='grc' dir='ltr'><strong><em>καὶ</em></strong></span> <span class='ocrx_word' id='word_1_131' title='bbox 807 1942 921 2009; x_wconf 85' lang='grc' dir='ltr'><strong><em>τὸν</em></strong></span> <span class='ocrx_word' id='word_1_132' title='bbox 963 1942 1153 2011; x_wconf 88' lang='grc' dir='ltr'><strong><em>τόνον</em></strong></span> <span class='ocrx_word' id='word_1_133' title='bbox 1195 1944 1307 2011; x_wconf 82' lang='grc' dir='ltr'><strong><em>καὶ</em></strong></span> <span class='ocrx_word' id='word_1_134' title='bbox 1348 1943 1463 2035; x_wconf 87' lang='grc' dir='ltr'><strong><em>τὴν</em></strong></span> <span class='ocrx_word' id='word_1_135' title='bbox 1505 1944 2083 2033; x_wconf 80' lang='grc' dir='ltr'><strong><em>μεγαλοπρέπειαν</em></strong></span> <span class='ocrx_word' id='word_1_136' title='bbox 2126 1944 2240 2011; x_wconf 81' lang='grc' dir='ltr'><strong><em>καὶ</em></strong></span> <span class='ocrx_word' id='word_1_137' title='bbox 2284 1944 2399 2033; x_wconf 86' lang='grc' dir='ltr'><strong><em>τὴν</em></strong></span> <span class='ocrx_word' id='word_1_138' title='bbox 2434 1944 2789 2031; x_wconf 79' lang='grc' dir='ltr'><strong><em>δεινότητα,</em></strong></span> 
     </span>
     <span class='ocr_line' id='line_1_16' title="bbox 652 2053 2786 2143; baseline 0.002 -22"><span class='ocrx_word' id='word_1_139' title='bbox 652 2054 766 2121; x_wconf 86' lang='grc' dir='ltr'><strong><em>καὶ</em></strong></span> <span class='ocrx_word' id='word_1_140' title='bbox 831 2053 1097 2136; x_wconf 75' lang='grc' dir='ltr'><strong><em>πάθους</em></strong></span> <span class='ocrx_word' id='word_1_141' title='bbox 1165 2054 1345 2124; x_wconf 81' lang='grc' dir='ltr'><strong><em>ἐστὶν</em></strong></span> <span class='ocrx_word' id='word_1_142' title='bbox 1409 2054 1757 2143; x_wconf 76' lang='grc' dir='ltr'><strong><em>ἐναγωνίου</em></strong></span> <span class='ocrx_word' id='word_1_143' title='bbox 1816 2053 2028 2143; x_wconf 84' lang='grc' dir='ltr'><strong><em>μεστά</em></strong></span> <span class='ocrx_word' id='word_1_144' title='bbox 2042 2062 2112 2141; x_wconf 88' lang='grc'><strong><em>“,</em></strong></span> <span class='ocrx_word' id='word_1_145' title='bbox 2190 2059 2288 2126; x_wconf 92' lang='lat' dir='ltr'><strong>De</strong></span> <span class='ocrx_word' id='word_1_146' title='bbox 2358 2059 2678 2125; x_wconf 82' lang='lat' dir='ltr'><strong>Dinarcho</strong></span> <span class='ocrx_word' id='word_1_147' title='bbox 2746 2060 2786 2125; x_wconf 90' lang='lat'>8</span> 
     </span>
     <span class='ocr_line' id='line_1_17' title="bbox 652 2170 2791 2252; baseline 0 -17"><span class='ocrx_word' id='word_1_148' title='bbox 652 2190 714 2251; x_wconf 90' lang='lat' dir='ltr'><strong><em>p.</em></strong></span> <span class='ocrx_word' id='word_1_149' title='bbox 749 2170 891 2252; x_wconf 85' lang='lat'>645,</span> <span class='ocrx_word' id='word_1_150' title='bbox 923 2178 978 2236; x_wconf 86' lang='lat'><strong><em>5.</em></strong></span> <span class='ocrx_word' id='word_1_151' title='bbox 1068 2173 1237 2250; x_wconf 84' lang='lat' dir='ltr'><strong>Quin</strong></span> <span class='ocrx_word' id='word_1_152' title='bbox 1283 2173 1476 2237; x_wconf 85' lang='lat' dir='ltr'><strong>etiam</strong></span> <span class='ocrx_word' id='word_1_153' title='bbox 1506 2172 1973 2238; x_wconf 83' lang='lat' dir='ltr'><strong>Demosthenes</strong></span> <span class='ocrx_word' id='word_1_154' title='bbox 2015 2171 2183 2238; x_wconf 85' lang='lat' dir='ltr'><strong>hanc</strong></span> <span class='ocrx_word' id='word_1_155' title='bbox 2218 2170 2489 2237; x_wconf 85' lang='lat' dir='ltr'><strong>formam</strong></span> <span class='ocrx_word' id='word_1_156' title='bbox 2534 2171 2791 2237; x_wconf 89' lang='lat' dir='ltr'><strong>dicendi</strong></span> 
     </span>
     <span class='ocr_line' id='line_1_18' title="bbox 655 2281 2789 2368; baseline 0 -22"><span class='ocrx_word' id='word_1_157' title='bbox 655 2301 696 2347; x_wconf 87' lang='lat' dir='ltr'>a</span> <span class='ocrx_word' id='word_1_158' title='bbox 741 2281 1115 2366; x_wconf 87' lang='lat' dir='ltr'><strong>Thucydide</strong></span> <span class='ocrx_word' id='word_1_159' title='bbox 1159 2285 1511 2367; x_wconf 89' lang='lat' dir='ltr'><strong>sumpsisse</strong></span> <span class='ocrx_word' id='word_1_160' title='bbox 1555 2284 1863 2368; x_wconf 90' lang='lat' dir='ltr'><strong>Dionysio</strong></span> <span class='ocrx_word' id='word_1_161' title='bbox 1914 2283 2188 2367; x_wconf 84' lang='lat' dir='ltr'><strong>videtur,</strong></span> <span class='ocrx_word' id='word_1_162' title='bbox 2234 2282 2313 2350; x_wconf 88' lang='lat' dir='ltr'><strong><em>cf.</em></strong></span> <span class='ocrx_word' id='word_1_163' title='bbox 2364 2283 2456 2350; x_wconf 95' lang='lat' dir='ltr'><strong>De</strong></span> <span class='ocrx_word' id='word_1_164' title='bbox 2503 2282 2789 2366; x_wconf 89' lang='lat' dir='ltr'><strong>Thucyd.</strong></span> 
     </span>
     <span class='ocr_line' id='line_1_19' title="bbox 655 2389 2790 2482; baseline -0.001 -24"><span class='ocrx_word' id='word_1_165' title='bbox 655 2392 743 2459; x_wconf 86' lang='lat'><strong><em>53</em></strong></span> <span class='ocrx_word' id='word_1_166' title='bbox 787 2414 849 2476; x_wconf 88' lang='lat' dir='ltr'><strong><em>p.</em></strong></span> <span class='ocrx_word' id='word_1_167' title='bbox 883 2396 1027 2477; x_wconf 86' lang='lat'>944,</span> <span class='ocrx_word' id='word_1_168' title='bbox 1055 2403 1089 2456; x_wconf 87' lang='lat'><strong>3</strong></span> <span class='ocrx_word' id='word_1_169' title='bbox 1137 2391 1464 2482; x_wconf 65' lang='grc' dir='ltr'><strong><em>,ῥητόρων</em></strong></span> <span class='ocrx_word' id='word_1_170' title='bbox 1509 2393 1584 2460; x_wconf 82' lang='grc' dir='ltr'><strong><em>δὲ</em></strong></span> <span class='ocrx_word' id='word_1_171' title='bbox 1628 2390 2067 2482; x_wconf 75' lang='grc' dir='ltr'><strong><em>Δημοσθένης</em></strong></span> <span class='ocrx_word' id='word_1_172' title='bbox 2109 2389 2347 2478; x_wconf 87' lang='grc' dir='ltr'><strong><em>μόνος,</em></strong></span> <span class='ocrx_word' id='word_1_173' title='bbox 2392 2389 2616 2480; x_wconf 77' lang='grc' dir='ltr'><strong><em>ὥσπερ</em></strong></span> <span class='ocrx_word' id='word_1_174' title='bbox 2660 2392 2790 2458; x_wconf 86' lang='grc' dir='ltr'><strong><em>τῶν</em></strong></span> 
     </span>
     <span class='ocr_line' id='line_1_20' title="bbox 659 2498 2788 2593; baseline 0.001 -25"><span class='ocrx_word' id='word_1_175' title='bbox 659 2498 874 2569; x_wconf 66' lang='grc' dir='ltr'><strong><em>ἄλλων</em></strong></span> <span class='ocrx_word' id='word_1_176' title='bbox 918 2499 1065 2570; x_wconf 78' lang='grc' dir='ltr'><strong><em>ὅσοι</em></strong></span> <span class='ocrx_word' id='word_1_177' title='bbox 1095 2505 1261 2591; x_wconf 84' lang='grc' dir='ltr'><strong><em>μέγα</em></strong></span> <span class='ocrx_word' id='word_1_178' title='bbox 1304 2530 1368 2571; x_wconf 89' lang='grc' dir='ltr'><strong><em>τι</em></strong></span> <span class='ocrx_word' id='word_1_179' title='bbox 1412 2505 1528 2572; x_wconf 83' lang='grc' dir='ltr'><strong><em>καὶ</em></strong></span> <span class='ocrx_word' id='word_1_180' title='bbox 1555 2505 1864 2593; x_wconf 87' lang='grc' dir='ltr'><strong><em>λαμπρὸν</em></strong></span> <span class='ocrx_word' id='word_1_181' title='bbox 1909 2502 2145 2587; x_wconf 73' lang='grc' dir='ltr'><strong><em>ἔδοξαν</em></strong></span> <span class='ocrx_word' id='word_1_182' title='bbox 2176 2509 2396 2571; x_wconf 88' lang='grc' dir='ltr'><strong><em>ποιεῖν</em></strong></span> <span class='ocrx_word' id='word_1_183' title='bbox 2441 2503 2509 2571; x_wconf 90' lang='grc' dir='ltr'><strong><em>ἐν</em></strong></span> <span class='ocrx_word' id='word_1_184' title='bbox 2547 2500 2788 2590; x_wconf 86' lang='grc' dir='ltr'><strong><em>λόγοις,</em></strong></span> 
     </span>
     <span class='ocr_line' id='line_1_21' title="bbox 659 2612 2793 2706; baseline -0.001 -22"><span class='ocrx_word' id='word_1_185' title='bbox 659 2612 828 2684; x_wconf 68' lang='grc' dir='ltr'><strong><em>οὕτω</em></strong></span> <span class='ocrx_word' id='word_1_186' title='bbox 885 2615 999 2682; x_wconf 80' lang='grc' dir='ltr'><strong><em>καὶ</em></strong></span> <span class='ocrx_word' id='word_1_187' title='bbox 1049 2615 1450 2684; x_wconf 80' lang='grc' dir='ltr'><strong><em>Θουκυδίδου</em></strong></span> <span class='ocrx_word' id='word_1_188' title='bbox 1514 2617 1802 2706; x_wconf 83' lang='grc' dir='ltr'><strong><em>ζηλωτὴς</em></strong></span> <span class='ocrx_word' id='word_1_189' title='bbox 1860 2616 2111 2703; x_wconf 82' lang='grc' dir='ltr'><strong><em>ἐγένετο</em></strong></span> <span class='ocrx_word' id='word_1_190' title='bbox 2169 2615 2338 2682; x_wconf 78' lang='grc' dir='ltr'><strong><em>κατὰ</em></strong></span> <span class='ocrx_word' id='word_1_191' title='bbox 2400 2613 2639 2696; x_wconf 83' lang='grc' dir='ltr'><strong><em>πολλὰ,</em></strong></span> <span class='ocrx_word' id='word_1_192' title='bbox 2680 2614 2793 2681; x_wconf 79' lang='grc' dir='ltr'><strong><em>καὶ</em></strong></span> 
     </span>
     <span class='ocr_line' id='line_1_22' title="bbox 661 2717 2794 2816; baseline -0.001 -22"><span class='ocrx_word' id='word_1_193' title='bbox 661 2724 1042 2816; x_wconf 80' lang='grc' dir='ltr'><strong><em>προσέθηκε</em></strong></span> <span class='ocrx_word' id='word_1_194' title='bbox 1083 2733 1228 2807; x_wconf 89' lang='grc' dir='ltr'><strong><em>τοῖς</em></strong></span> <span class='ocrx_word' id='word_1_195' title='bbox 1270 2729 1646 2808; x_wconf 83' lang='grc' dir='ltr'><strong><em>πολιτικοῖς</em></strong></span> <span class='ocrx_word' id='word_1_196' title='bbox 1690 2725 1911 2814; x_wconf 86' lang='grc' dir='ltr'><strong><em>λόγοις</em></strong></span> <span class='ocrx_word' id='word_1_197' title='bbox 1941 2723 2092 2816; x_wconf 77' lang='grc' dir='ltr'><strong><em>παρ’</em></strong></span> <span class='ocrx_word' id='word_1_198' title='bbox 2144 2725 2388 2794; x_wconf 84' lang='grc' dir='ltr'><strong><em>ἐκείνου</em></strong></span> <span class='ocrx_word' id='word_1_199' title='bbox 2431 2725 2667 2812; x_wconf 78' lang='grc' dir='ltr'><strong><em>λαβὼν,</em></strong></span> <span class='ocrx_word' id='word_1_200' title='bbox 2711 2717 2794 2805; x_wconf 69' lang='grc' dir='ltr'><strong><em>ἃς</em></strong></span> 
     </span>
     <span class='ocr_line' id='line_1_23' title="bbox 663 2832 2793 2927; baseline -0.001 -21"><span class='ocrx_word' id='word_1_201' title='bbox 663 2832 791 2906; x_wconf 63' lang='grc' dir='ltr'><strong><em>οὔτ’</em></strong></span> <span class='ocrx_word' id='word_1_202' title='bbox 818 2833 1167 2927; x_wconf 76' lang='grc' dir='ltr'><strong><em>Ἀντιφῶν,</em></strong></span> <span class='ocrx_word' id='word_1_203' title='bbox 1200 2834 1344 2906; x_wconf 61' lang='grc' dir='ltr'><strong><em>οὔτε</em></strong></span> <span class='ocrx_word' id='word_1_204' title='bbox 1373 2837 1662 2922; x_wconf 88' lang='grc' dir='ltr'><strong><em>Λυσίας,</em></strong></span> <span class='ocrx_word' id='word_1_205' title='bbox 1710 2833 1835 2908; x_wconf 59' lang='grc' dir='ltr'><strong><em>οὔτ’</em></strong></span> <span class='ocrx_word' id='word_1_206' title='bbox 1861 2833 2252 2927; x_wconf 83' lang='grc' dir='ltr'><strong><em>Ἰσοκράτης,</em></strong></span> <span class='ocrx_word' id='word_1_207' title='bbox 2284 2836 2349 2906; x_wconf 76' lang='grc' dir='ltr'><strong><em>οῖ</em></strong></span> <span class='ocrx_word' id='word_1_208' title='bbox 2380 2835 2793 2924; x_wconf 85' lang='grc' dir='ltr'><strong><em>πρωτεύσαν-</em></strong></span> 
     </span>
     <span class='ocr_line' id='line_1_24' title="bbox 663 2945 2795 3039; baseline -0.002 -21"><span class='ocrx_word' id='word_1_209' title='bbox 663 2976 771 3031; x_wconf 88' lang='grc' dir='ltr'><strong><em>τες</em></strong></span> <span class='ocrx_word' id='word_1_210' title='bbox 831 2953 968 3018; x_wconf 83' lang='grc' dir='ltr'><strong><em>τῶν</em></strong></span> <span class='ocrx_word' id='word_1_211' title='bbox 1025 2951 1172 3019; x_wconf 89' lang='grc' dir='ltr'><strong><em>τότε</em></strong></span> <span class='ocrx_word' id='word_1_212' title='bbox 1216 2949 1519 3039; x_wconf 87' lang='grc' dir='ltr'><strong><em>ῥητόρων,</em></strong></span> <span class='ocrx_word' id='word_1_213' title='bbox 1579 2949 1770 3033; x_wconf 75' lang='grc' dir='ltr'><strong><em>ἔσχον</em></strong></span> <span class='ocrx_word' id='word_1_214' title='bbox 1815 2945 2050 3039; x_wconf 79' lang='grc' dir='ltr'><strong><em>ἀρετὰς</em></strong></span> <span class='ocrx_word' id='word_1_215' title='bbox 2066 3004 2082 3033; x_wconf 88' lang='grc'><strong><em>,</em></strong></span> <span class='ocrx_word' id='word_1_216' title='bbox 2140 2951 2223 3018; x_wconf 80' lang='grc' dir='ltr'><strong><em>τά</em></strong></span> <span class='ocrx_word' id='word_1_217' title='bbox 2267 2948 2427 3038; x_wconf 84' lang='grc' dir='ltr'><strong><em>τάχη</em></strong></span> <span class='ocrx_word' id='word_1_218' title='bbox 2471 2948 2636 3036; x_wconf 89' lang='grc' dir='ltr'><strong><em>λέγω</em></strong></span> <span class='ocrx_word' id='word_1_219' title='bbox 2679 2947 2795 3015; x_wconf 85' lang='grc' dir='ltr'><strong><em>καὶ</em></strong></span> 
     </span>
     <span class='ocr_line' id='line_1_25' title="bbox 664 3059 2795 3152; baseline -0.001 -22"><span class='ocrx_word' id='word_1_220' title='bbox 664 3062 784 3140; x_wconf 80' lang='grc' dir='ltr'><strong><em>τας</em></strong></span> <span class='ocrx_word' id='word_1_221' title='bbox 847 3063 1226 3152; x_wconf 82' lang='grc' dir='ltr'><strong><em>συστροφὰς</em></strong></span> <span class='ocrx_word' id='word_1_222' title='bbox 1279 3064 1395 3131; x_wconf 85' lang='grc' dir='ltr'><strong><em>καὶ</em></strong></span> <span class='ocrx_word' id='word_1_223' title='bbox 1449 3064 1601 3142; x_wconf 77' lang='grc' dir='ltr'><strong><em>τούς</em></strong></span> <span class='ocrx_word' id='word_1_224' title='bbox 1654 3061 1881 3142; x_wconf 88' lang='grc' dir='ltr'><strong><em>τόνους</em></strong></span> <span class='ocrx_word' id='word_1_225' title='bbox 1939 3064 2055 3130; x_wconf 81' lang='grc' dir='ltr'><strong><em>καὶ</em></strong></span> <span class='ocrx_word' id='word_1_226' title='bbox 2110 3062 2187 3130; x_wconf 82' lang='grc' dir='ltr'><strong><em>τὸ</em></strong></span> <span class='ocrx_word' id='word_1_227' title='bbox 2251 3062 2492 3151; x_wconf 84' lang='grc' dir='ltr'><strong><em>πικρὸν</em></strong></span> <span class='ocrx_word' id='word_1_228' title='bbox 2548 3060 2662 3128; x_wconf 81' lang='grc' dir='ltr'><strong><em>καὶ</em></strong></span> <span class='ocrx_word' id='word_1_229' title='bbox 2718 3059 2795 3128; x_wconf 86' lang='grc' dir='ltr'><strong><em>τὸ</em></strong></span> 
     </span>
     <span class='ocr_line' id='line_1_26' title="bbox 666 3172 2794 3266; baseline -0 -22"><span class='ocrx_word' id='word_1_230' title='bbox 666 3176 992 3265; x_wconf 81' lang='grc' dir='ltr'><strong><em>στρυφνὸν</em></strong></span> <span class='ocrx_word' id='word_1_231' title='bbox 1035 3175 1148 3242; x_wconf 83' lang='grc' dir='ltr'><strong><em>καὶ</em></strong></span> <span class='ocrx_word' id='word_1_232' title='bbox 1189 3177 1302 3266; x_wconf 86' lang='grc' dir='ltr'><strong><em>τὴν</em></strong></span> <span class='ocrx_word' id='word_1_233' title='bbox 1346 3173 1793 3262; x_wconf 76' lang='grc' dir='ltr'><strong><em>ἐξεγείρουσαν</em></strong></span> <span class='ocrx_word' id='word_1_234' title='bbox 1835 3176 1918 3243; x_wconf 80' lang='grc' dir='ltr'><strong><em>τά</em></strong></span> <span class='ocrx_word' id='word_1_235' title='bbox 1964 3172 2157 3263; x_wconf 65' lang='grc' dir='ltr'><strong><em>πάθη</em></strong></span> <span class='ocrx_word' id='word_1_236' title='bbox 2213 3173 2609 3262; x_wconf 87' lang='grc' dir='ltr'><strong><em>δεινότητα.“</em></strong></span> <span class='ocrx_word' id='word_1_237' title='bbox 2695 3178 2794 3243; x_wconf 90' lang='lat' dir='ltr'><strong>De</strong></span> 
     </span>
     <span class='ocr_line' id='line_1_27' title="bbox 663 3285 2797 3375; baseline 0 -20"><span class='ocrx_word' id='word_1_238' title='bbox 663 3291 992 3357; x_wconf 84' lang='lat' dir='ltr'><strong>Demosth.</strong></span> <span class='ocrx_word' id='word_1_239' title='bbox 1041 3289 1138 3356; x_wconf 91' lang='lat'><strong><em>10.</em></strong></span> <span class='ocrx_word' id='word_1_240' title='bbox 1185 3292 1286 3357; x_wconf 84' lang='lat'><strong><em>34.</em></strong></span> <span class='ocrx_word' id='word_1_241' title='bbox 1371 3291 1464 3357; x_wconf 87' lang='lat' dir='ltr'><strong>Re</strong></span> <span class='ocrx_word' id='word_1_242' title='bbox 1509 3310 1663 3357; x_wconf 85' lang='lat' dir='ltr'><strong>vera</strong></span> <span class='ocrx_word' id='word_1_243' title='bbox 1706 3295 1921 3356; x_wconf 86' lang='lat' dir='ltr'><strong>autem</strong></span> <span class='ocrx_word' id='word_1_244' title='bbox 1969 3285 2260 3375; x_wconf 86' lang='grc' dir='ltr'><strong><em>δεινότης</em></strong></span> <span class='ocrx_word' id='word_1_245' title='bbox 2305 3289 2797 3356; x_wconf 82' lang='lat' dir='ltr'><strong>Demosthenica</strong></span> 
     </span>
     <span class='ocr_line' id='line_1_28' title="bbox 664 3401 2795 3486; baseline -0.001 -19"><span class='ocrx_word' id='word_1_246' title='bbox 664 3403 839 3485; x_wconf 86' lang='lat' dir='ltr'><strong>apud</strong></span> <span class='ocrx_word' id='word_1_247' title='bbox 882 3403 1315 3486; x_wconf 89' lang='lat' dir='ltr'><strong>Thucydidem</strong></span> <span class='ocrx_word' id='word_1_248' title='bbox 1347 3403 1602 3468; x_wconf 89' lang='lat' dir='ltr'><strong>omnino</strong></span> <span class='ocrx_word' id='word_1_249' title='bbox 1647 3423 1773 3468; x_wconf 88' lang='lat' dir='ltr'><strong><em>non</em></strong></span> <span class='ocrx_word' id='word_1_250' title='bbox 1818 3407 2015 3468; x_wconf 83' lang='lat' dir='ltr'><strong>extat.</strong></span> <span class='ocrx_word' id='word_1_251' title='bbox 2103 3403 2261 3468; x_wconf 87' lang='lat' dir='ltr'><strong>Eius</strong></span> <span class='ocrx_word' id='word_1_252' title='bbox 2304 3407 2599 3467; x_wconf 81' lang='lat' dir='ltr'><strong>naturam</strong></span> <span class='ocrx_word' id='word_1_253' title='bbox 2641 3401 2795 3466; x_wconf 93' lang='lat' dir='ltr'><strong>Dio-</strong></span> 
     </span>
     <span class='ocr_line' id='line_1_29' title="bbox 663 3515 2795 3604; baseline -0.001 -22"><span class='ocrx_word' id='word_1_254' title='bbox 663 3518 846 3598; x_wconf 89' lang='lat' dir='ltr'><strong>nysio</strong></span> <span class='ocrx_word' id='word_1_255' title='bbox 887 3517 1088 3582; x_wconf 90' lang='lat' dir='ltr'><strong>multo</strong></span> <span class='ocrx_word' id='word_1_256' title='bbox 1134 3517 1361 3583; x_wconf 90' lang='lat' dir='ltr'><strong>melius</strong></span> <span class='ocrx_word' id='word_1_257' title='bbox 1405 3517 1702 3598; x_wconf 84' lang='lat' dir='ltr'><strong>cognovit</strong></span> <span class='ocrx_word' id='word_1_258' title='bbox 1729 3515 2117 3596; x_wconf 88' lang='lat' dir='ltr'><strong>Demetrius,</strong></span> <span class='ocrx_word' id='word_1_259' title='bbox 2163 3515 2271 3598; x_wconf 91' lang='lat' dir='ltr'><strong>qui</strong></span> <span class='ocrx_word' id='word_1_260' title='bbox 2315 3515 2381 3578; x_wconf 88' lang='lat' dir='ltr'><strong>in</strong></span> <span class='ocrx_word' id='word_1_261' title='bbox 2426 3533 2659 3604; x_wconf 80' lang='lat' dir='ltr'><strong>genere</strong></span> <span class='ocrx_word' id='word_1_262' title='bbox 2690 3532 2795 3580; x_wconf 88' lang='lat' dir='ltr'><strong>ve-</strong></span> 
     </span>
     <span class='ocr_line' id='line_1_30' title="bbox 663 3624 2792 3710; baseline -0.001 -17"><span class='ocrx_word' id='word_1_263' title='bbox 663 3629 949 3695; x_wconf 88' lang='lat' dir='ltr'><strong>hementi</strong></span> <span class='ocrx_word' id='word_1_264' title='bbox 994 3629 1333 3694; x_wconf 85' lang='lat' dir='ltr'><strong>tractando</strong></span> <span class='ocrx_word' id='word_1_265' title='bbox 1379 3645 1694 3710; x_wconf 85' lang='lat' dir='ltr'><strong>nusquam</strong></span> <span class='ocrx_word' id='word_1_266' title='bbox 1742 3626 2131 3709; x_wconf 89' lang='lat' dir='ltr'><strong>Thucydidis</strong></span> <span class='ocrx_word' id='word_1_267' title='bbox 2188 3626 2576 3692; x_wconf 86' lang='lat' dir='ltr'><strong>mentionem</strong></span> <span class='ocrx_word' id='word_1_268' title='bbox 2621 3624 2792 3692; x_wconf 86' lang='lat' dir='ltr'><strong>facit.</strong></span> 
     </span>
    </p>
   </div>
   <div class='ocr_carea' id='block_1_3' title="bbox 667 3848 2799 4046">
    <p class='ocr_par' dir='ltr' id='par_1_3' title="bbox 667 3848 2799 4046">
     <span class='ocr_line' id='line_1_31' title="bbox 839 3848 2799 3933; baseline -0.001 -17"><span class='ocrx_word' id='word_1_269' title='bbox 839 3852 876 3933; x_wconf 64' lang='grc' dir='ltr'>ξ</span> <span class='ocrx_word' id='word_1_270' title='bbox 923 3849 1024 3916; x_wconf 89' lang='grc'><strong><em>16.</em></strong></span> <span class='ocrx_word' id='word_1_271' title='bbox 1109 3850 1226 3915; x_wconf 89' lang='grc' dir='ltr'><strong><em>ΠΙ.</em></strong></span> <span class='ocrx_word' id='word_1_272' title='bbox 1291 3848 1372 3914; x_wconf 90' lang='lat' dir='ltr'><strong><em>Id</em></strong></span> <span class='ocrx_word' id='word_1_273' title='bbox 1400 3869 1653 3933; x_wconf 89' lang='lat' dir='ltr'><strong>quoque</strong></span> <span class='ocrx_word' id='word_1_274' title='bbox 1684 3848 1955 3915; x_wconf 83' lang='lat' dir='ltr'><strong>alicuius</strong></span> <span class='ocrx_word' id='word_1_275' title='bbox 1984 3851 2289 3916; x_wconf 88' lang='lat' dir='ltr'><strong>momenti</strong></span> <span class='ocrx_word' id='word_1_276' title='bbox 2334 3857 2454 3931; x_wconf 91' lang='lat' dir='ltr'><strong>est,</strong></span> <span class='ocrx_word' id='word_1_277' title='bbox 2500 3849 2671 3932; x_wconf 90' lang='lat' dir='ltr'><strong>quod</strong></span> <span class='ocrx_word' id='word_1_278' title='bbox 2716 3848 2799 3914; x_wconf 71' lang='lat' dir='ltr'><strong><em>ad</em></strong></span> 
     </span>
     <span class='ocr_line' id='line_1_32' title="bbox 667 3957 2798 4046; baseline 0 -20"><span class='ocrx_word' id='word_1_279' title='bbox 667 3961 844 4026; x_wconf 86' lang='lat' dir='ltr'><strong>illam</strong></span> <span class='ocrx_word' id='word_1_280' title='bbox 888 3961 1158 4027; x_wconf 85' lang='lat' dir='ltr'><strong>formam</strong></span> <span class='ocrx_word' id='word_1_281' title='bbox 1187 3962 1443 4028; x_wconf 84' lang='lat' dir='ltr'><strong>dicendi</strong></span> <span class='ocrx_word' id='word_1_282' title='bbox 1487 3957 1969 4045; x_wconf 85' lang='lat' dir='ltr'><strong>significandam</strong></span> <span class='ocrx_word' id='word_1_283' title='bbox 2000 3961 2346 4046; x_wconf 88' lang='lat' dir='ltr'><strong>Dionysius</strong></span> <span class='ocrx_word' id='word_1_284' title='bbox 2391 3980 2516 4026; x_wconf 90' lang='lat' dir='ltr'><strong><em>non</em></strong></span> <span class='ocrx_word' id='word_1_285' title='bbox 2556 3966 2798 4027; x_wconf 85' lang='lat' dir='ltr'><strong>certum</strong></span> 
     </span>
    </p>
   </div>
  </div>
 </body>
</html>
