3309 4675
647 1438 848 1535 Inter
891 1470 1054 1534 artis
1098 1468 1458 1534 rhetoricae
1502 1474 1742 1550 parteS‚
1803 1474 2116 1550 quotquot
2170 1469 2460 1535 rhetores
2505 1489 2610 1535 ve·

475 1588 646 1646 teres
678 1586 1140 1661 tractaverunt,
1187 1581 1270 1645 ad
1316 1599 1432 1645 nos
1477 1580 1753 1644 maxime
1780 1580 2061 1661 pertinet
2106 1586 2172 1646 et
2215 1583 2279 1646 in
2324 1600 2453 1663 qua
2495 1600 2611 1647 nos

476 1711 726 1774 quoque
769 1700 1028 1774 operam
1077 1703 1138 1757 et
1184 1693 1466 1757 studium
1526 1692 1903 1758 collocemus
1951 1692 2331 1775 dignissima
2386 1698 2487 1759 est
2537 1714 2613 1759 ea

476 1821 640 1884 quae
703 1812 802 1869 est
864 1805 944 1869 de
987 1804 1328 1887 generibus
1373 1804 1768 1870 elocutionis.
1857 1803 1954 1868 Ex
2013 1805 2095 1870 iis
2156 1810 2390 1885 autem,
2437 1794 2613 1886 ‘quae

477 1914 599 1981 hac
644 1916 723 1980 de
767 1935 838 1980 re
882 1914 1172 1981 rhetores
1204 1916 1741 1997 conscripserunt,
1786 1935 1910 1980 non
1957 1915 2162 1981 multa
2205 1917 2401 1982 etiam
2446 1935 2613 1982 nunc

478 2031 718 2091 extant.
810 2026 948 2104 Quo
977 2027 1184 2109 pluris
1227 2027 1284 2093 is
1328 2027 1581 2094 libellus
1612 2026 1946 2093 habendus
1989 2032 2109 2108 est,
2154 2027 2254 2093 cui
2299 2026 2362 2091 in
2397 2026 2613 2091 codice

479 2138 928 2219 antiquissimo
987 2138 1093 2219 (ex
1158 2158 1283 2221 quo
1347 2146 1559 2205 cetera
1618 2139 2011 2220 exemplaria
2070 2139 2282 2203 omnia
2352 2136 2613 2204 fluxisse

481 2251 762 2333 constat)
827 2250 986 2315 haec
1050 2255 1202 2316 sunt
1264 2250 1734 2332 superscripta:
1808 2245 2185 2336 Δημητρίου
2262 2246 2612 2335 Φαληρέως

481 2359 635 2448 περὶ
681 2357 1034 2448 ἑρμηνείας,
1099 2355 1138 2424 ὅ
1181 2358 1322 2426 ἐστι
1381 2359 1537 2448 περὶ
1592 2359 1927 2449 φράσεως,
1990 2362 2353 2444 subscripta
2395 2368 2609 2427 autem

476 2474 668 2540 haec:
715 2469 1089 2560 Δημητρίου
1134 2471 1291 2558 περὶ
1335 2467 1675 2558 ἑρμηνείας
1720 2473 2009 2558 (Rhetor.
2044 2473 2265 2539 Graec.
2298 2475 2400 2539 ed.
2433 2473 2610 2538 Walz

477 2587 570 2652 IX
613 2607 718 2669 pp.
772 2590 803 2652 1
870 2605 1064 2668 seqq,
1123 2585 1384 2651 Rhetor.
1432 2583 1654 2652 Graec.
1704 2587 1801 2651 ed.
1850 2584 2123 2668 Spengel
2183 2585 2281 2650 111
2345 2603 2451 2667 pp.
2484 2585 2611 2651 259

477 2699 716 2780 seqq.);
778 2717 902 2780 quo
946 2716 1183 2781 genera
1225 2696 1600 2763 elocutionis
1645 2698 1898 2778 copiose
1950 2702 2015 2763 et
2058 2695 2280 2763 subtili
2325 2716 2465 2763 cum
2512 2697 2609 2761 iu-

479 2809 644 2875 dicio
687 2827 1044 2891 magnaque
1105 2808 1324 2891 elegen
1334 2810 1426 2873 tia
1484 2815 1866 2874 tractantur.
1956 2807 2072 2874 Cui
2134 2815 2345 2874 autem
2410 2808 2610 2874 aetati

476 2918 581 2985 hic
624 2917 875 2984 libellus
906 2919 1367 2986 adscribendus
1411 2920 1502 2986 sit
1546 2956 1630 2967 —
1674 2938 1838 3001 quae
1868 2939 1970 2986 res
2016 2937 2157 2984 cum
2204 2919 2457 2984 omnino
2486 2939 2608 2985 non

479 3029 874 3112 neglegenda
917 3038 1035 3111 est,
1081 3041 1214 3096 tum
1256 3031 1596 3113 plurimum
1643 3031 1817 3097 valet
1862 3033 1946 3096 ad
1991 3031 2326 3116 historiam
2373 3032 2609 3097 doctri-

477 3161 701 3207 narum
749 3144 833 3207 ad
879 3161 1114 3225 genera
1161 3143 1408 3208 dicendi
1472 3144 1925 3226 pertinentium
1974 3145 2472 3226 cognoscendam
2526 3180 2611 3192 -

475 3272 516 3317 a
559 3253 734 3318 nullo
777 3253 989 3320 adhuc
1033 3255 1224 3320 certis
1271 3256 1668 3336 argumentis
1709 3255 2215 3320 demonstratum
2263 3260 2365 3320 est
2407 3274 2613 3337 neque

476 3365 646 3431 inter
675 3365 845 3432 viros
878 3368 1097 3433 doctos
1130 3372 1400 3433 constat.
1477 3366 1687 3447 Atque
1729 3366 1888 3432 illud
1918 3366 2173 3448 quidem
2206 3368 2332 3432 iam
2357 3367 2607 3447 pridem

477 3477 795 3558 cognitum
859 3485 959 3543 est
1017 3477 1218 3543 libelli
1263 3485 1587 3543 auctorem
1644 3477 1845 3543 fuisse
1890 3497 2012 3542 non
2059 3477 2437 3544 Phalereum
2484 3478 2607 3543 De-

475 3588 793 3669 metrium,
857 3589 971 3654 sed
1016 3590 1446 3671 cognominem
1491 3589 1810 3671 quendam
1873 3589 2048 3655 illius
2094 3595 2309 3655 aetate
2353 3588 2607 3656 inferio·

479 3719 630 3780 rem,
697 3698 955 3766 verbum
1015 3698 1364 3785 Φαληρέως
1409 3708 1654 3781 autem,
1720 3702 1889 3783 quod
1950 3709 2129 3767 extat
2188 3702 2355 3768 inter
2414 3701 2611 3768 verba

477 3811 696 3878 libello
740 3811 1201 3893 superscripta,
1259 3813 1340 3877 ab
1387 3813 1599 3896 aliquo
1643 3814 1858 3878 scriba
1900 3813 2065 3878 male
2110 3814 2403 3878 additum
2450 3833 2607 3880 csse.

481 3928 688 4006 Atque
749 3924 858 3990 diu
902 3924 1156 4006 quidem
1206 3924 1596 3989 Demetrium
1662 3931 1877 3991 aetate
1920 3933 2035 3990 aut
2080 3925 2383 4008 Dionysio
2428 3925 2606 3989 Hali-

2166 4036 2193 4088 1

1299 4163 1306 4171 ’
1397 4153 1864 4250 —5-51878
