3309 4675
1358 274 1784 343 ...39-

503 466 806 533 mogenes
871 449 1038 515 enim
1105 448 1224 514 Rh.
1289 448 1399 515 Gr.
1464 446 1571 531 Sp.
1631 448 1699 514 Π
1758 466 1819 529 p.
1868 445 2015 528 389,
2040 448 2636 534 25—-391,302⁷),

501 566 844 643 postquam
903 562 1199 643 exposuit
1257 580 1326 627 se
1388 554 1727 644 δεινότητα
1770 559 2059 642 intellegi
2118 561 2281 627 velle
2323 562 2635 627 virtutem

501 673 794 738 omnibus
838 672 1003 738 ideis
1047 674 1142 738 ita
1183 673 1408 738 utendi
1451 678 1526 738 ut
1569 692 1687 738 suo
1729 690 2019 755 quaeque
2062 672 2202 738 loco
2235 672 2636 755 adhibeatur,

504 790 960 851 commemorat
1003 804 1043 849 a
1085 785 1380 867 plurimis
1433 783 1799 850 hominibus
1843 776 1938 865 (οἳ
1981 778 2227 848 πολλοί
2268 803 2331 866 p.
2364 784 2513 867 389,
2536 787 2635 848 27.

503 896 650 979 391,
673 897 784 978 28)
825 916 954 963 non
996 897 1116 962 hoc
1159 896 1272 962 illa
1314 915 1468 963 voce
1515 894 1881 979 significari,
1928 897 2044 961 sed
2087 914 2227 963 eam
2273 914 2465 961 unam
2506 894 2637 961 for-

503 1026 673 1073 mam
701 1009 977 1091 dicendi,
1023 1026 1212 1091 quam
1249 1008 1687 1091 Hermogenes
1728 1009 1865 1089 ipse
1892 1000 2231 1091 δεινότητα
2274 997 2453 1093 ’ἢκαὶ
2496 1000 2637 1071 ἔστι

501 1114 614 1182 καὶ
659 1108 829 1183 εἶναι
873 1117 1058 1183 δοκεῖ
1100 1126 1290 1186 vocat
1331 1119 1508 1201 (huic
1554 1113 1871 1204 δεινότητι
1917 1120 2183 1203 opponit
2224 1138 2369 1185 eam
2410 1109 2452 1206 ἢ
2494 1112 2639 1183 ἔστι

503 1227 641 1314 μὲν,
686 1224 760 1295 οὗ
805 1228 932 1319 μὴν
975 1229 1156 1297 δοκεῖ
1197 1238 1267 1299 et
1295 1251 1435 1299 eam
1479 1220 1521 1319 ἢ
1562 1223 1680 1296 οὐκ
1724 1226 1867 1296 ἐτ’στι
1909 1227 2049 1314 μὲν,
2094 1229 2279 1295 δοκεῖ
2320 1226 2395 1294 δὲ
2438 1218 2638 1313 εἶναι)

503 1348 569 1408 et
609 1363 670 1425 p.
703 1342 850 1425 392,
880 1348 956 1405 10
1001 1344 1066 1409 in
1111 1342 1407 1425 plurimis
1451 1363 1488 1410 e
1530 1343 1985 1410 Demosthenis
2032 1344 2431 1410 orationibus
2474 1342 2637 1425 pub-

500 1453 643 1519 licis
685 1454 897 1521 inesse
955 1458 1162 1521 docet.
1251 1457 1325 1520 In
1383 1456 1506 1522 hac
1563 1457 1739 1522 vocis
1800 1456 2060 1523 notione
2104 1473 2465 1539 quanquam
2510 1474 2639 1520 non

507 1566 645 1631 sola
704 1558 995 1651 δεινότης
1051 1567 1470 1634 Demetriana
1529 1568 1913 1647 continetur,
1974 1568 2091 1633 sed
2151 1573 2414 1650 praeter
2469 1566 2638 1633 hanc

503 1673 582 1741 τὸ
625 1671 864 1760 σεμνόν
908 1684 976 1744 et
1017 1675 1096 1742 τὸ
1137 1673 1671 1764 περινενοημένον
1687 1728 1705 1759 ,
1762 1683 1979 1745 tamen
2038 1678 2151 1744 illa
2193 1698 2347 1762 pars
2390 1679 2637 1761 gravis-

500 1789 666 1854 sima
711 1795 776 1854 et
822 1790 1100 1856 maxime
1144 1792 1490 1872 conspicua
1532 1790 1789 1857 videtur
1832 1809 1989 1857 esse.

670 2012 709 2095 ξ
759 2012 854 2077 17.
943 2011 1057 2077 IV.
1133 2013 1500 2097 DionysiuS,
1549 2032 1692 2079 cum
1746 2006 2117 2099 δεινότητος
2165 2013 2639 2093 Demetrianae‚

499 2130 574 2189 ut
615 2124 656 2206 ἓ
690 2125 769 2191 15
813 2125 1087 2207 ostendi,
1133 2142 1327 2206 saepe
1371 2126 1757 2191 mentionem
1800 2124 2017 2208 faciat,
2064 2130 2280 2191 tamen
2323 2126 2405 2189 de
2449 2125 2641 2191 rebus

505 2233 959 2317 singularibus,
1003 2235 1232 2317 quibus
1277 2256 1356 2303 ea
1396 2235 1490 2318 fit,
1535 2236 1696 2301 nihil
1741 2236 1899 2302 dicit
1942 2237 2069 2302 nisi
2110 2239 2285 2318 quod
2328 2237 2425 2302 De
2454 2236 2642 2302 Isaeo

511 2348 590 2412 13
633 2367 694 2429 p.
728 2348 854 2414 608
899 2367 1072 2432 seqq.
1122 2351 1312 2416 docet
1353 2351 1689 2432 asyndeta,
1733 2349 2271 2432 interrogationes
2288 2365 2318 2430 ,·
2350 2344 2427 2411 τὸ
2471 2345 2641 2412 navo?

509 2454 876 2546 συστροφήν
938 2465 1006 2526 et
1081 2457 1830 2542 παρακεκινδυνευμένον
1896 2461 1963 2526 in
2036 2459 2497 2543 compositione
2576 2465 2645 2524 et

510 2572 681 2651 apud
722 2571 975 2637 Isaeum
1021 2577 1090 2638 et
1130 2573 1306 2653 >apud
1349 2571 1845 2638 Demosthenem
1890 2590 2084 2654 saepe
2128 2571 2421 2652 inveniri,
2467 2571 2643 2652 apud

508 2682 764 2765 Lysiam
825 2682 1168 2748 rarissime.
1259 2681 1534 2748 Uberior
1597 2687 1814 2748 autem
1873 2683 1956 2748 de
2014 2683 2137 2749 hac
2195 2702 2267 2748 re
2328 2683 2642 2765 expositio

509 2792 822 2876 imprimis
884 2795 950 2860 in
992 2793 1208 2860 libello
1273 2795 1384 2877 qui
1443 2799 1544 2862 est
1601 2797 1683 2860 de
1727 2795 2156 2861 Demosthene
2202 2796 2641 2876 desideratur3

504 2924 666 2987 opus
711 2906 878 2971 enim
941 2925 1020 2972 ea
1081 2911 1185 2972 est
1241 2908 1326 2971 ad
1380 2906 1807 2972 elocutionem
1850 2906 2409 2974 Demosthenicam
2454 2925 2642 2973 accu-

506 3022 649 3082 rate
679 3017 1142 3098 exponendam,
1187 3035 1385 3098 quare
1428 3019 1599 3100 quod
1627 3016 1977 3101 Dionysius
2024 3037 2165 3084 eam
2196 3038 2322 3084 non
2368 3018 2643 3099 exhibet,

505 3129 782 3195 elocutio
825 3128 1320 3196 Demosthenica
1377 3128 1488 3194 illo
1531 3128 1748 3194 libello
1806 3129 2007 3194 multo
2068 3131 2277 3195 minus
2342 3135 2642 3195 accurate

506 3244 574 3305 et
615 3259 918 3322 expresse
960 3239 1348 3307 describitur
1390 3259 1583 3323 quam
1641 3242 1722 3306 iis
1768 3259 1931 3324 quae
1974 3240 2339 3307 Demetrius
2403 3242 2488 3307 de
2530 3260 2641 3307 ve-

504 3351 784 3417 hementi
826 3371 1064 3436 genere
1105 3352 1398 3432 disserit3
1443 3351 1625 3417 cuius
1668 3350 1955 3418 libellum
2000 3353 2057 3418 si
2100 3352 2450 3435 Dionysius
2492 3370 2638 3436 cog-

684 3592 790 3670 27)
835 3594 1006 3654 Liers
1067 3594 1350 3654 Stilarten
1410 3614 1467 3670 p.
1520 3592 1642 3653 700
1706 3593 1805 3669 (cf.
1866 3593 2115 3655 Dissert.
2176 3614 2235 3670 p.
2270 3593 2333 3673 9)
2394 3613 2472 3653 ex
2528 3594 2643 3653 hoc

506 3695 638 3770 ipso
681 3695 810 3756 loco
856 3697 1012 3757 effici
1061 3698 1234 3756 docet
1275 3696 1674 3772 Hermogenis
1729 3701 1923 3756 aelate
1966 3697 2131 3757 vocis
2175 3698 2477 3756 notionem
2522 3696 2641 3755 De—

505 3797 854 3858 metrianam
898 3798 1181 3858 abolitam
1227 3799 1445 3868 fuiss03
1490 3799 1649 3878 quod
1693 3799 2081 3858 vehementer
2133 3799 2333 3868 miror,
