3309 4675
1517 310 1943 375 ...20ss

551 515 556 519 ·
662 482 890 569 κτῆρες
933 503 1058 547 non
1093 478 1299 547 solum
1345 483 1425 547 de
1469 481 1831 565 generibuS,
1878 483 1994 549 sed
2038 483 2233 549 etiam
2276 484 2359 549 de
2406 480 2799 566 singulorum

663 600 994 660 auctorum
1038 594 1245 659 modis
1289 595 1544 660 dicendi
1589 600 1956 676 usurpetur.
2046 594 2269 676 Neque
2313 596 2450 660 veri
2494 594 2703 660 simile
2733 595 2801 658 id

663 708 834 789 quod
876 706 1236 771 Volkmann
1281 705 1552 771 coniecit
1595 705 1752 771 mihi
1797 706 2052 771 videtur
2084 725 2248 787 esse,
2294 724 2438 771 cum
2481 708 2562 773 de
2606 724 2799 788 gene-

663 816 840 883 ribus
884 817 1136 883 dicendi
1197 817 1370 899 apud
1415 818 1875 883 Anaximenem
1931 817 2109 898 nihil,
2168 818 2343 899 apud
2387 818 2801 883 Aristotelem

665 949 885 995 eorum
917 935 1164 994 tantum
1213 930 1458 995 semina
1489 930 1803 1011 quaedam
1843 934 2076 995 extent.
2135 965 2206 974 —
2251 928 2613 995 Volkmann
2646 930 2797 995 edit.

664 1040 696 1104 I
739 1060 799 1122 p.
831 1039 960 1104 455
1004 1041 1253 1106 censuit
1293 1040 1453 1105 illud
1494 1059 1745 1124 quoque
1790 1040 1918 1105 iam
1948 1040 2461 1122 Theophrastum
2508 1042 2803 1107 docuisse

663 1151 1158 1217 Demosthenem
1223 1152 1515 1218 omnibus
1576 1150 1917 1235 generibus
1989 1153 2054 1217 in
2124 1153 2325 1217 vicem
2385 1171 2573 1219 usum
2640 1170 2801 1219 esse.

666 1264 846 1341 Quae
911 1265 1276 1330 coniectura
1336 1283 1460 1328 non
1507 1262 1899 1345 probabilior
1960 1269 2061 1330 est
2105 1282 2294 1346 quam
2360 1264 2489 1329 illa.
2579 1263 2802 1347 Neque

667 1377 836 1441 enim
895 1376 1238 1458 quidquam
1302 1376 1541 1441 indicat
1600 1395 1640 1439 a
1686 1375 2128 1456 Theophrasto
2174 1374 2626 1442 Demosthenis
2689 1381 2805 1441 aut

667 1488 935 1553 aliorum
981 1488 1120 1553 eius
1165 1489 1399 1553 aetatis
1445 1492 1771 1552 oratorum
1813 1487 2009 1551 ullam
2074 1488 2390 1553 rationem
2436 1506 2578 1553 esse
2621 1487 2802 1553 habi-

666 1604 799 1664 tam
845 1599 1059 1681 (Blass
1102 1600 1396 1665 Attische
1441 1599 1927 1665 Beredsamkeit
1954 1598 2021 1664 II
2066 1617 2125 1679 p.
2166 1599 2350 1680 119);
2415 1617 2620 1682 neque
2666 1600 2805 1665 eius

664 1710 908 1777 formae
951 1711 1349 1790 elocutioniS‚
1393 1729 1559 1792 quae
1603 1711 1669 1775 in
1714 1710 2162 1776 Demosthenis
2204 1711 2599 1776 orationibus
2645 1713 2803 1777 emi-

666 1824 1049 1890 nentissima
1090 1829 1191 1889 est
1237 1860 1316 1867 —
1361 1823 1728 1889 Demetrius
1787 1816 2123 1908 δεινότητα
2181 1842 2319 1888 eam
2380 1828 2570 1889 vocat
2614 1860 2694 1869 —
2740 1825 2804 1888 in

668 1936 958 2000 doctrina
1001 1935 1114 1999 illa
1158 1935 1554 2001 instituenda
1596 1935 1765 2000 ratio
1809 1933 2031 2000 habita
2075 1941 2177 2000 est
2206 1936 2362 2018 (qua
2406 1936 2488 2001 de
2533 1954 2604 2001 re
2650 1934 2689 2016 ἓ
2724 1934 2806 1999 10

669 2047 1033 2130 exponam),
1078 2048 1247 2113 unde
1291 2048 1426 2111 veri
1472 2047 1680 2113 simile
1724 2044 1798 2112 fit
1856 2066 2000 2112 eum
2046 2048 2154 2130 qui
2198 2046 2375 2112 illam
2416 2047 2665 2130 primus
2704 2048 2805 2112 in-

670 2160 887 2225 stituit
928 2194 1013 2204 —-
1076 2159 1132 2225 is
1195 2163 1410 2224 autem
1467 2158 1670 2225 fuisse
1731 2160 1985 2225 videtur
2030 2157 2516 2241 Theophrastus
2582 2194 2658 2205 -
2722 2160 2805 2224 de

673 2271 1104 2337 Demosthene
1147 2271 1402 2335 omnino
1463 2290 1590 2336 non
1638 2272 1958 2354 cogitasse
1984 2273 2007 2309 ¹
2028 2271 2107 2352 ²).
2199 2271 2295 2335 Ac
2337 2289 2417 2335 ne
2462 2269 2621 2335 illud
2667 2268 2805 2352 qui-

674 2385 818 2449 dem
837 2435 853 2465 ‚
919 2384 1227 2464 optimam
1288 2382 1711 2449 elocutionem
1781 2383 1990 2449 tribus
2052 2382 2393 2466 generibus
2456 2380 2809 2447 coniunctis

673 2493 832 2576 fieri,
879 2493 1360 2576 Theophrastus
1403 2495 1659 2560 videtur
1702 2496 1997 2561 docuisse
2018 2548 2035 2577 ,
2098 2495 2213 2561 sed
2257 2495 2325 2559 id
2369 2513 2409 2558 a
2452 2494 2808 2574 posteriore

675 2607 948 2690 quodam
993 2607 1322 2673 doctrinae
1353 2607 1872 2688 Theophrasteae
1916 2608 2207 2672 additum
2236 2625 2379 2672 esse
2422 2625 2497 2671 eo
2524 2604 2808 2686 consilio,

675 2724 750 2783 ut
808 2718 919 2783 illa
977 2718 1060 2782 ad
1120 2719 1542 2784 elocutionem
1587 2716 2147 2785 Demosthenicam
2210 2718 2649 2799 exponendam
2693 2717 2806 2781 ad-

676 2829 884 2896 hiberi
927 2836 1165 2911 posset.
1256 2829 1641 2912 (Volkmann
1674 2830 1825 2897 edit.
1858 2831 1925 2895 II
1968 2851 2028 2912 p.
2060 2829 2236 2912 537.)
2284 2865 2367 2874 ———
2410 2828 2509 2893 Ex
2552 2828 2633 2894 iis
2662 2829 2809 2895 rhe-

853 3023 955 3095 12)
1003 3021 1169 3080 Blass
1229 3022 1270 3080 1.
1320 3021 1359 3080 l.
1419 3021 1477 3079 id
1545 3041 1785 3101 quoque
1846 3028 2050 3081 contra
2111 3021 2553 3081 Volkmannum
2614 3020 2811 3079 facere

680 3123 839 3196 dicit,
904 3125 1061 3203 quod
1108 3123 1566 3200 Theophrastus,
1614 3122 1988 3187 Quintiliano
2033 3124 2151 3196 ΙΙΙ,
2200 3128 2256 3197 8,
2306 3127 2385 3181 62
2431 3129 2688 3194 auctore,
2746 3123 2810 3180 in

679 3245 895 3301 genere
941 3225 1330 3287 deliberativo
1399 3245 1730 3285 sermonem
1777 3246 1951 3307 quam
2016 3227 2273 3284 maxime
2332 3231 2620 3284 remotum
2684 3244 2813 3284 esse

679 3331 752 3386 ab
797 3328 961 3387 omni
1004 3329 1318 3388 affectione
1363 3328 1648 3402 voluerit3
1710 3329 1867 3408 quod
1925 3348 2055 3388 cum
2102 3328 2521 3388 Demosthenis
2565 3345 2815 3387 consue-

678 3431 885 3489 tudine
932 3431 1172 3490 minime
1218 3433 1512 3491 concinat.
1601 3435 1683 3490 At
1726 3437 1958 3491 constat
2019 3431 2175 3506 apud
2222 3429 2659 3494 Quintilianum
2705 3450 2813 3506 pro

680 3534 1074 3610 „affectione“
1120 3552 1153 3591 e
1198 3534 1540 3594 coniectura
1582 3533 1757 3608 Regii
1804 3533 2121 3608 legendum
2166 3552 2294 3592 esse
2339 3533 2816 3611 ,‚affectatione“,

678 3637 1028 3712 praesertim
1091 3655 1223 3695 oum
1269 3635 1678 3700 Quintilianus
1735 3637 1846 3695 hac
1903 3637 1965 3694 in
2029 3656 2094 3694 re
2141 3636 2617 3713 Theophrastum
2681 3655 2813 3696 cum

680 3739 1006 3798 Aristotele
1053 3739 1388 3799 consentire
1434 3741 1659 3810 doceat,
1708 3739 1864 3818 quod
1910 3740 1981 3797 ad
2027 3740 2203 3798 Rhet.
2235 3739 2353 3811 ΠΙ,
2390 3743 2465 3797 12
2513 3759 2567 3814 p.
2599 3742 2815 3798 1414a

681 3860 846 3905 8—11
912 3849 1177 3917 spectare
1244 3862 1276 3900 e
1323 3840 1682 3906 Quintiliani
1738 3845 1881 3915 §63
1942 3848 2207 3917 apparet.
2297 3841 2383 3902 cf.
2432 3843 2513 3902 M.
2550 3841 2819 3902 Schmidt

682 3943 774 4001 De
817 3944 1227 4022 Theophrasto
1273 3946 1509 4006 rhetore
1555 3964 1614 4020 p.
1649 3949 1748 4002 51.

2563 4638 3051 4670 'rt-mh
