3309 4675
1421 1648 1668 1742 Caput
1718 1649 2069 1721 alterum.

741 1804 1067 1861 Demetrii
1114 1810 1185 1863 et
1229 1805 1525 1863 eliorum
1567 1808 1925 1865 rhetorum
1970 1806 2320 1865 doetrinae
2362 1809 2451 1865 ad
2493 1821 2745 1876 genera

951 1916 1228 1974 dicendi
1271 1918 1694 1987 pertinentes
1738 1918 1918 1975 inter
1962 1932 2035 1974 se
2070 1919 2538 1976 conferuntur.

849 2050 887 2130 ξ
945 2048 1003 2112 8.
1114 2048 1169 2113 Ε
1233 2048 1541 2114 doctrinis
1613 2048 1945 2115 rhetorum
2010 2054 2299 2116 veterum
2366 2052 2451 2116 ad
2508 2069 2811 2134 generum

678 2161 933 2227 dicendi
993 2179 1325 2225 numerum
1383 2178 1458 2226 ac
1516 2165 1783 2227 naturas
1848 2161 2313 2243 pertinentibus
2378 2168 2638 2245 praeter
2681 2162 2809 2227 De-

679 2273 1056 2337 metrianam
1101 2273 1288 2337 unius
1332 2276 1580 2337 tantum
1627 2272 1924 2340 notitiam
1978 2274 2435 2340 accuratiorem
2481 2273 2806 2341 habemus,

679 2385 885 2462 Quam
929 2384 1114 2450 multi
1177 2389 1470 2450 auctores
1515 2385 1943 2467 tradiderunt,
2004 2385 2324 2452 uberrime
2382 2393 2600 2452 autem
2644 2387 2814 2451 inter

678 2515 789 2561 eos
851 2495 1198 2578 Dionysius
1257 2495 1462 2561 Halic.
1525 2498 1823 2577 exposuit
1880 2497 1978 2563 De
2038 2498 2363 2563 Demosth.
2429 2498 2655 2562 1—34.
2743 2498 2811 2563 Is

676 2606 806 2672 tria
849 2625 1086 2698 genera
1128 2606 1383 2672 dicendi
1426 2625 1570 2674 esse
1614 2608 1835 2674 docet:
1896 2605 2010 2694 τὴν
2051 2602 2323 2696 ὑψηλὴν,
2388 2603 2625 2695 ἰσχνὴν,
2684 2605 2807 2691 μέ-

679 2736 795 2804 σην
824 2714 1035 2798 λέξιν;
1079 2718 1353 2799 primum
1394 2737 1434 2782 a
1467 2718 1858 2803 Thucydide,
1904 2721 2175 2786 alterum
2220 2740 2260 2785 a
2289 2721 2504 2803 Lysia,
2547 2722 2809 2787 tertium

677 2850 718 2894 a
758 2828 1027 2895 Platone
1073 2836 1139 2895 et
1166 2829 1455 2896 Isocrate
1497 2831 1736 2912 optime
1780 2848 1925 2896 esse
1955 2831 2439 2914 conformatum,
2484 2832 2607 2897 nisi
2639 2834 2813 2915 quod

676 2940 1141 3007 Demosthenes
1201 2959 1394 3006 unum
1441 2943 1739 3026 quodque
1800 2944 1995 3008 etiam
2058 2945 2143 3007 ad
2188 2945 2580 3026 superiorem
2625 2944 2811 3009 abso-

674 3053 938 3118 lutionis
984 3053 1255 3134 gradum
1299 3053 1708 3133 perduxerit:
1774 3073 1961 3137 quem
2006 3054 2297 3120 omuibus
2361 3054 2701 3137 generibus
2739 3051 2809 3119 'in

676 3167 877 3231 vicem
936 3183 1123 3230 usum
1168 3182 1343 3244 esse,
1399 3171 1474 3230 ut
1515 3183 1737 3231 omnes
1796 3172 2093 3232 auctores
2150 3167 2397 3247 priores
2454 3166 2809 3232 elocutione

675 3282 1028 3358 superaret.
1116 3275 1321 3358 (Libri
1367 3277 1477 3358 qui
1506 3281 1607 3342 est
1651 3277 1733 3342 de
1761 3277 2193 3344 Demosthene
2232 3296 2375 3343 cum
2418 3297 2571 3360 pars
2601 3280 2811 3360 prima

673 3389 955 3472 perierit,
1001 3389 1138 3454 eius
1182 3388 1414 3468 capitis
1457 3389 1629 3471 quod
1675 3396 1815 3455 erat
1857 3391 1937 3455 de
1982 3409 2213 3472 genere
2259 3387 2513 3455 sublimi
2559 3395 2807 3456 tantum

673 3520 824 3582 pars
868 3506 1154 3566 extrema
1196 3518 1363 3564 nunc
1408 3505 1618 3581 extat3
1679 3501 1893 3566 damni
1949 3501 2344 3583 aliquantum
2390 3501 2684 3582 expletur
2727 3502 2808 3566 iis

674 3631 838 3696 quae
909 3614 992 3678 de
1063 3611 1419 3677 elocutione
1487 3611 1901 3694 Thucydidea
1968 3613 2314 3694 Dionysius
2386 3613 2650 3677 disserit
2711 3613 2808 3677 De

673 3725 868 3790 Thuc.
914 3722 1016 3789 24.
1101 3723 1200 3786 Ex
1243 3724 1323 3788 iis
1367 3725 1705 3805 capitibuS‚
1751 3743 1915 3806 quae
1958 3729 2112 3789 sunt
2156 3724 2237 3789 de
2281 3723 2638 3790 elocutione
2681 3725 2807 3789 De-

673 3834 1083 3913 mosthenica‚
1146 3835 1420 3900 maxime
1463 3835 1863 3916 respicienda
1918 3839 2071 3900 sunt
2114 3835 2173 3899 8.
2226 3834 2322 3899 10.
2373 3835 2470 3900 13.
2516 3837 2596 3900 21
2660 3837 2807 3901 inde

672 3966 714 4014 a
754 3968 814 4030 p.
851 3946 1036 4029 1020,
1061 3953 1117 4010 9.
1164 3946 1266 4012 22.
1299 3946 1400 4010 33.
1432 3945 1567 4027 34.)
1653 3947 1826 4012 Ante
1854 3946 2230 4030 Dionysium
2262 3948 2485 4012 eadem
2516 3947 2808 4011 doctrina
