3309 4675
632 470 751 534 pro
797 468 869 516 eo
925 450 1216 532 pluribus
1276 450 1534 519 vocibus
1579 446 1869 535 (χάριτες
1911 444 2064 537 παρ’
2098 444 2299 531 αὐτὰς
2342 451 2461 532 τὰς
2505 452 2766 539 λέξεις),

633 570 910 645 apparet
969 581 1106 627 eum
1173 563 1528 646 scripsisse,
1573 568 1916 646 antequam
1982 583 2101 629 vox
2161 564 2332 646 tropi
2376 573 2638 648 recepta
2680 568 2770 633 sit

631 675 694 740 in
743 674 1204 757 technologiam
1252 673 1636 741 Graecorum
1702 675 2104 743 rhetoricam.
2194 677 2296 743 Ita
2350 697 2499 743 vero
2558 678 2765 745 utitur

633 805 782 852 voce
827 786 956 851 iam
1003 786 1239 865 Cicero,
1301 785 1378 853 cf.
1424 788 1611 853 Bruti
1672 788 1844 871 §69,
1905 795 2101 870 atque
2146 790 2342 855 etiam
2388 790 2566 871 prior
2609 790 2763 855 Dio-

631 898 853 980 nysius
883 898 1099 963 Thrax
1143 898 1327 964 initio
1371 897 1591 980 libelli,
1636 918 1824 981 quem
1858 901 1937 965 de
1983 905 2124 965 arte
2152 902 2575 983 grammatica
2618 919 2765 967 con-

631 1010 911 1093 scripsit,
973 1011 1144 1075 inter
1201 1028 1315 1076 sex
1358 1010 1520 1077 artis
1577 1020 1797 1093 partes
1861 1006 2159 1098 ἐξήγησιν
2218 1009 2389 1077 κατὰ
2442 1011 2592 1089 τούς
2658 1010 2763 1077 ἑν-

630 1116 1044 1207 υπάρχοντας
1088 1120 1465 1207 ποιητικοὺς
1507 1117 1796 1205 τρόπους
1840 1121 2143 1205 profert.“

805 1232 932 1300 Sed
975 1234 1145 1315 quod
1190 1252 1394 1315 neque
1436 1233 1557 1300 hoc
1613 1254 1819 1317 neque
1863 1234 1993 1299 ullo
2036 1234 2163 1301 alio
2217 1235 2355 1303 loco
2399 1233 2765 1301 Demetrius

633 1364 846 1412 vocem
893 1345 1065 1427 tropi
1093 1344 1523 1428 technologice
1565 1354 1858 1428 usurpat,
1903 1346 1973 1413 id
2017 1348 2102 1412 ad
2146 1352 2423 1413 aetatem
2458 1344 2767 1412 Demetrii

633 1456 1058 1523 definiendam
1103 1476 1228 1522 non
1273 1457 1459 1523 valet.
1550 1458 1915 1525 Demetrius
1950 1459 2116 1525 enim
2160 1459 2482 1542 permulta
2525 1477 2560 1523 e
2604 1458 2764 1523 scri-

630 1570 764 1652 ptis
807 1568 1275 1651 antiquioribus
1315 1569 1549 1649 hausit,
1594 1570 1937 1653 praecipue
1979 1589 2057 1636 ex
2087 1570 2455 1636 Aristotelis
2498 1568 2765 1635 Rhetor.

631 1680 795 1746 libro
837 1680 957 1761 III,
1019 1687 1353 1763 praeterea
1412 1700 1447 1747 e
1501 1680 1929 1763 Theophrasti
1988 1682 2152 1748 libro
2212 1679 2365 1769 περὶ
2408 1678 2666 1763 λέξεως,
2728 1702 2766 1747 e

633 1794 1017 1860 medicorum
1065 1794 1324 1874 scriptis
1369 1793 1476 1876 (ἓξ
1510 1794 1652 1875 176,
1702 1795 1873 1878 177),
1936 1813 2013 1860 ex
2056 1794 2223 1875 aliis,
2280 1802 2355 1859 ut
2396 1796 2763 1873 Hammero,

631 1906 738 1987 qui
783 1923 846 1987 p.
875 1906 960 1972 45
1021 1904 1302 1971 libellum
1371 1907 1451 1971 de
1507 1905 1859 1972 elocutione
1923 1906 2109 1972 docet
2172 1925 2312 1973 esse
2372 1905 2561 1986 „teils
2622 1906 2765 1971 eine

633 2016 1139 2099 Umschreibung
1182 2018 1296 2083 des
1325 2017 1562 2083 dritten
1596 2016 1847 2084 Buches
1892 2018 2007 2084 der
2049 2017 2558 2084 aristotelischen
2590 2016 2763 2084 Rhe-

632 2129 821 2208 torik,
883 2128 1029 2195 teils
1073 2127 1212 2194 eine
1255 2128 1922 2212 Zusammenhaufung
1982 2129 2466 2196 verschiedener
2508 2127 2761 2195 Lehren

629 2259 748 2307 aus
791 2241 912 2305 den
959 2238 1276 2307 Schriften
1325 2241 1439 2307 des
1484 2240 1910 2324 Theophrast,
1955 2241 2390 2308 Archedemus
2434 2261 2494 2306 u.
2526 2261 2604 2321 a.,
2646 2260 2760 2305 un-

632 2354 967 2420 termischt
1025 2355 1145 2420 mit
1188 2355 1434 2436 einigen
1478 2353 1660 2420 nicht
1720 2374 1799 2418 zu
1844 2353 2457 2421 unterschatzenden
2506 2351 2761 2418 aesthe-

628 2464 877 2532 tischen
922 2466 1401 2548 Bemerkungen
1447 2466 1606 2532 uber
1647 2467 1770 2531 den
1803 2464 1927 2531 Stil
1971 2466 2288 2532 einzelner
2330 2467 2583 2531 Redner
2626 2465 2762 2529 und

630 2577 948 2658 Dichter“‚
996 2579 1060 2642 in
1109 2579 1469 2644 universum
1501 2578 1804 2644 assentiri
1846 2579 2164 2660 possimus
2193 2578 2565 2661 (dummodo
2596 2575 2760 2641 illud

630 2696 976 2770 teneamuS,
1036 2691 1206 2772 quod
1249 2689 1531 2772 neglexit
1574 2689 1900 2770 Hammer,
1942 2688 2336 2756 Demetrium
2382 2708 2506 2754 non
2552 2686 2760 2753 solum

629 2801 943 2882 quaedam
1002 2801 1238 2867 nullius
1283 2803 1563 2883 priorum
1609 2819 1806 2883 opera
1862 2819 2047 2866 usum
2092 2803 2301 2883 ipsum
2363 2799 2761 2878 observasse,

632 2912 747 2977 sed
789 2919 1124 2993 praeterea
1179 2913 1511 2994 rationem,
1571 2932 1699 2995 qua
1754 2913 2009 2994 singula
2053 2914 2266 2979 omnia
2325 2914 2407 2977 ad
2454 2914 2765 2993 quattuor

628 3022 986 3105 probabilia
1046 3030 1111 3090 et
1171 3025 1255 3090 ad
1319 3029 1625 3107 quattuor
1700 3025 1933 3091 vitiosa
2008 3044 2243 3108 genera
2302 3023 2556 3092 dicendi
2616 3020 2763 3087 illu·

628 3135 899 3201 stranda
954 3135 1346 3215 adhibuerit,
1407 3136 1745 3201 maximam
1806 3141 2056 3219 partem
2118 3156 2193 3202 ex
2255 3136 2461 3218 ipsius
2503 3133 2763 3216 ingenio

627 3253 834 3312 ortam
880 3247 1065 3327 esse).
1156 3247 1326 3330 Ergo
1385 3249 1556 3329 quod
1615 3248 1787 3330 tropi
1830 3249 2143 3314 terminus
2201 3249 2264 3313 in
2312 3245 2619 3314 Demetrii
2680 3244 2761 3310 li-

627 3358 793 3426 bello
853 3378 975 3423 non
1038 3360 1388 3441 reperitur,
1455 3359 1645 3425 huius
1706 3361 1797 3426 rei
1857 3379 2052 3426 causa
2114 3380 2192 3426 ea
2250 3379 2498 3442 quoque
2557 3357 2764 3426 fuisse

628 3475 861 3552 potest,
904 3471 1074 3552 quod
1119 3470 1507 3553 auctoribus,
1566 3471 1799 3552 quibus
1843 3472 2207 3539 Demetrius
2249 3491 2405 3539 usus
2448 3480 2567 3551 est,
2631 3489 2763 3536 non

629 3712 954 3786 consentiO,
1000 3713 1102 3792 qui
1133 3718 1357 3788 negant
1399 3713 1544 3772 illud
1575 3707 1823 3792 τρόποις
1863 3721 2022 3776 recte
2052 3717 2226 3777 tradi.
2311 3716 2426 3776 Ille
2470 3715 2533 3773 in
2566 3715 2763 3775 Oratt.

631 3815 757 3871 Att.
800 3832 949 3873 rece.
994 3815 1195 3874 Baiter
1238 3823 1300 3875 et
1342 3816 1577 3893 Sauppe
1607 3818 1674 3874 11
1717 3837 1774 3894 p.
1810 3822 1951 3892 223,
1984 3837 2045 3882 21
2110 3812 2317 3891 τόποις
2360 3817 2759 3890 scribendum,

632 3914 731 3972 hic
773 3915 873 3974 1.1.
917 3936 1123 3976 vocem
1171 3917 1476 3976 delendam
1521 3938 1650 3981 esse
1697 3927 1915 3982 censet.
