3309 4675
1373 310 1798 382 „17-

517 487 763 555 conecti
833 507 999 568 opus
1060 507 1202 555 esse
1277 484 1733 573 (συνδεδεμένη
1789 485 2028 567 λέξις);
2091 480 2479 571 ,,ε’ναγώνιος
2538 482 2659 570 μὲν

520 590 628 664 οὗν
671 593 836 675 ἴσως
877 598 1200 683 μᾶλλον
1243 593 1283 685 ἡ
1326 596 1749 683 διαλελυμένη
1794 595 1989 679 λέξις,
2053 592 2091 685 ἡ
2137 591 2203 662 δ’
2254 591 2410 663 afim*
2438 600 2499 681 ⁸)
2545 596 2659 663 καὶ

515 704 904 797 ὓποκριτικὴ
944 710 1305 775 καλεῖται.“
1393 712 1482 776 Iis
1545 718 1760 777 autem
1822 710 2188 776 rhetoribus
2206 764 2221 793 ‚
2286 712 2397 793 qui
2458 730 2660 793 genus

517 829 712 889 tenue
755 824 998 905 optime
1065 842 1106 887 a
1148 824 1345 904 Lysia
1403 822 1870 890 conformatum
1931 841 2074 889 esse
2129 822 2473 904 docebant,
2538 823 2661 887 hoo

518 953 720 1016 genus
764 936 848 999 ad
887 936 1472 1016 pronuntiationem
1513 933 1831 1001 forensem
1874 934 2081 1017 magis
2111 934 2411 1000 idoneum
2451 935 2659 999 visum

520 1064 660 1111 esse
705 1065 897 1127 quam
941 1046 1288 1128 Demetri0‚
1349 1046 1606 1111 minime
1649 1065 1870 1111 verum
1913 1052 2047 1125 est3
2106 1047 2247 1128 ipse
2293 1048 2461 1114 enim
2506 1047 2659 1111 Dio-

519 1157 740 1240 nysius
771 1156 977 1222 Halie.
1025 1158 1369 1224 elocutioni
1398 1158 1717 1241 Lysianae
1758 1153 1835 1220 τὸ
1866 1150 2214 1239 ἐναγώνιον
2256 1160 2483 1225 deesse
2513 1178 2658 1225 cen-

521 1270 677 1349 suit,
741 1268 818 1334 cf.
879 1264 977 1335 De
1021 1269 1351 1336 Demosth.
1403 1270 1483 1335 13
1526 1289 1587 1351 p.
1621 1268 1769 1350 994,
1802 1276 1875 1330 12
1901 1268 2155 1349 —995‚
2184 1278 2256 1351 33
2316 1270 2413 1336 De
2464 1269 2659 1353 Lysia

523 1380 604 1444 13
648 1381 798 1445 inde
842 1399 883 1444 a
925 1400 986 1463 p.
1019 1381 1168 1462 482,
1200 1388 1295 1446 11.
1412 1382 1596 1447 Adde
1640 1400 1806 1464 quae
1849 1383 1948 1447 De
1994 1383 2177 1446 Isaeo
2226 1380 2306 1445 13
2350 1401 2411 1462 p.
2442 1381 2589 1463 608,
2624 1388 2657 1441 8

521 1492 867 1575 Dionysius
929 1493 1010 1557 de
1052 1493 1212 1573 loco,
1281 1511 1467 1574 quem
1529 1512 1607 1557 ex
1664 1493 1852 1559 Isaeo
1898 1491 2137 1574 attulit,
2184 1476 2373 1558 dicit:
2433 1488 2662 1572 ,,ταυτὶ

520 1601 641 1687 μὲν
706 1600 1268 1686 διαλελυμένα
1325 1600 1437 1667 καὶ
1499 1599 1573 1683 ἐξ
1632 1597 2131 1691 ἐπερωτήσεως·
2190 1592 2320 1679 οἷς
2380 1596 2415 1667 ὃ
2479 1608 2659 1667 Λυ-

523 1710 711 1791 σίας
754 1712 906 1797 μὲν
950 1708 1260 1801 ἥκιστα
1304 1712 1742 1801 κέχρηται·
1790 1711 2227 1800 Δημοσθένης
2258 1713 2348 1795 δὲ,
2394 1709 2431 1778 ὃ
2476 1710 2660 1800 παρὰ

519 1822 750 1890 τούτου
794 1818 1112 1909 (Ἰσαίου)
1155 1822 1276 1903 τὰς
1319 1818 1628 1913 ἀφορμὰς
1673 1824 1911 1909 λαβὼν,
1956 1818 2481 1912 ἆφειδέστερον.“

697 2052 760 2131 8)
806 2053 903 2111 Sic
935 2052 1219 2127 seriptum
1253 2070 1380 2110 esse
1426 2053 1487 2111 in
1535 2053 1660 2111 eod.
1707 2053 1894 2112 Paris,
1926 2053 2098 2112 docet
2141 2054 2425 2111 Hammer
2467 2072 2527 2127 p.
2562 2052 2661 2111 72.
