3309 4675
1349 271 1734 337 ...9-

470 444 612 528 ipsi,
657 444 966 509 terminus
995 444 1103 510 ille
1133 444 1390 525 ignotus
1421 443 1563 525 fuit,
1608 444 1976 510 Demetrius
2005 448 2222 511 autem
2254 451 2388 510 tam
2419 462 2605 510 accu-

473 564 611 621 rate
654 555 798 621 illos
857 563 1112 621 secutus
1155 562 1274 637 est,
1348 561 1423 622 ut
1464 574 1545 621 ne
1604 556 1876 620 termino
1934 557 2210 637 quidem,
2268 557 2376 639 qui
2435 559 2608 638 apud

473 687 580 733 eos
639 685 762 732 non
819 666 1100 747 extabat,
1163 673 1468 733 uteretur.
1560 667 1781 748 Neque
1839 665 1958 732 hoc
2024 668 2156 733 veri
2218 687 2338 734 non
2406 667 2610 734 simile

473 786 591 845 est.
716 777 943 844 Potest
1006 779 1171 843 enim
1238 778 1663 845 demonstrari
1727 778 2118 845 Demetrium
2180 778 2609 861 compluribus

475 891 630 958 locis
675 910 768 972 ea,
812 907 978 970 quae
1037 891 1209 972 apud
1253 895 1548 955 auctores
1593 890 1924 970 invenerit,
1986 892 2145 955 adeo
2190 909 2314 957 non
2359 895 2608 956 mutata

473 1022 588 1069 sua
632 1000 873 1080 fecisse,
934 1009 1008 1066 ut
1055 1002 1246 1067 etiam
1307 1002 1623 1081 nonnulla,
1691 1020 1856 1083 quae
1899 1020 2039 1068 cum
2088 1002 2231 1068 aliis
2274 1003 2340 1067 in
2385 1003 2605 1069 eodem

471 1113 684 1181 libello
729 1113 920 1181 dictis
965 1114 1405 1196 discreparent
1449 1120 1562 1179 aut
1617 1114 1682 1178 in
1728 1112 2197 1181 dissertationis
2246 1115 2606 1196 dispositio-

473 1246 613 1293 nem
658 1244 735 1291 ac
779 1231 1142 1291 contextum
1187 1244 1308 1291 non
1339 1228 1749 1308 quadrarent,
1794 1226 2046 1309 integra
2091 1226 2493 1293 transtulerit
2519 1227 2606 1309 ⁵).

472 1340 650 1418 Quae
696 1355 798 1402 res
841 1356 982 1403 cum
1031 1355 1152 1402 non
1198 1336 1399 1402 solum
1445 1339 1531 1403 ad
1574 1337 1740 1403 hanc
1767 1337 2202 1421 quaestionem
2244 1338 2605 1404 examinan-

472 1452 641 1530 dam,
699 1450 810 1515 sed
870 1449 1064 1514 etiam
1127 1450 1210 1514 ad
1276 1450 1637 1516 universam
1703 1449 2025 1518 scribendi
2085 1450 2416 1530 rationem,
2478 1467 2608 1530 qua

471 1579 623 1627 usus
665 1567 768 1628 est
811 1560 1192 1641 Demetrius,
1240 1562 1735 1642 cognoscendam
1797 1560 2068 1626 multum
2114 1562 2345 1641 valeat,
2404 1563 2485 1627 de
2530 1580 2608 1627 ea

475 1674 732 1739 uberius
770 1672 985 1756 placet
1028 1672 1360 1739 disserere.
1449 1672 1995 1740 Praemonendum
2027 1680 2242 1739 autem
2287 1678 2408 1757 est,
2452 1694 2605 1739 non-

471 1803 788 1868 nunquam
833 1789 1085 1850 tantum
1132 1784 1259 1850 illis
1303 1784 1755 1866 discrepantiis
1802 1786 1958 1868 ipsis
2004 1786 2295 1868 cognosci
2338 1803 2417 1850 ex
2458 1785 2605 1850 aliis

468 1896 832 1964 auctoribus
875 1895 1109 1962 hausta
1152 1915 1192 1961 a
1235 1896 1558 1962 Demetrio
1601 1897 1888 1979 proferri.

641 2010 692 2074 Ι.
783 2010 820 2092 ξ
856 2010 938 2076 10
980 2008 1342 2073 Demetrius
1385 2009 1539 2092 quid
1603 2010 1692 2075 sit
1735 2009 2038 2091 periodus
2088 2010 2188 2075 his
2234 2008 2445 2075 verbis
2490 2009 2602 2073 de-

470 2123 639 2188 finit:
705 2122 874 2201 ,,τιῦν
918 2116 1143 2203 μέντοι
1187 2114 1414 2185 κώλων
1471 2117 1583 2184 καὶ
1627 2115 1987 2205 κομμάτων
2029 2118 2337 2187 τοιούτων
2382 2141 2600 2186 συντι-

469 2230 768 2317 θεμένων
813 2229 984 2316 πρὸς
1030 2223 1276 2317 ἄλληλα
1337 2226 1753 2297 συνίστανται
1814 2227 1884 2296 αἱ
1930 2228 2229 2318 περίοδοι
2274 2225 2599 2316 ὀνομαζό-

466 2368 674 2429 μεναι.
722 2341 879 2430 (καὶ)
911 2337 1053 2408 ἔστι
1078 2345 1140 2427 ⁶)
1185 2340 1493 2430 περίοδος
1539 2340 1833 2430 σύστημα
1877 2342 1951 2410 ἐκ
1990 2340 2217 2409 κώλων
2258 2337 2299 2433 ἢ
2339 2342 2601 2430 κομμά-

469 2480 597 2520 των
641 2449 1188 2542 εὖκαταστρόφως
1233 2452 1371 2541 (εἰς)
1397 2458 1459 2538 6)
1522 2453 1636 2544 τὴν
1682 2452 1977 2524 διάνοιαν
2019 2454 2132 2545 τὴν
2174 2452 2604 2543 ὑποκειμένην

468 2561 1012 2655 ἆπηρτισμένον.“
1101 2570 1139 2652 ξ
1188 2571 1267 2635 16
1315 2569 1472 2634 dicit
1518 2570 1707 2636 haec:
1774 2568 1948 2649 ,,τῶν
2010 2567 2083 2634 δὲ
2145 2565 2472 2654 περιόδων
2536 2564 2603 2633 αἱ

469 2675 852 2766 μικρότεραι
895 2677 1016 2764 μὲν
1062 2676 1136 2745 ἐκ
1181 2679 1365 2744 δυοῖν
1408 2674 1648 2747 κώλοιν
1700 2676 2135 2761 συντίθενται,
2183 2675 2251 2745 αἱ
2295 2678 2598 2765 μέγισται

472 2789 546 2855 δὲ
588 2788 662 2855 ἐκ
705 2787 1061 2873 τεττάρων·
1122 2788 1199 2856 τὸ
1244 2784 1310 2854 δ’
1361 2785 1528 2878 ὑπὲρ
1572 2788 1854 2878 τέτταρα
1898 2784 2101 2859 οὐκέτ’
2151 2785 2230 2857 ἂν
2274 2789 2455 2868 ἐντὸς
2496 2786 2598 2878 εἴη

469 2901 844 2990 περιοδικῆς
903 2899 1361 2988 συμμετρίας.“
1449 2905 1538 2968 At
1603 2905 1640 2986 ξ
1690 2906 1765 2969 17
1826 2906 2012 2971 docet
2070 2905 2263 2970 etiam
2331 2903 2599 2986 singulis

469 3013 624 3080 colis
684 3014 979 3096 periodos
1034 3013 1171 3079 fieri
1232 3033 1439 3096 posse.
1526 3015 1721 3080 Haud
1779 3015 1970 3082 dubie
2026 3017 2131 3082 hic
2190 3015 2597 3080 Aristotelem

467 3133 723 3190 secutus
786 3133 889 3191 est
947 3125 1055 3207 (cf.
1101 3124 1290 3190 Rhet.
1335 3126 1451 3204 111,
1497 3129 1538 3193 9
1581 3146 1643 3208 p.
1679 3125 1906 3192 1409b
1958 3127 2255 3209 13—17)‚
2312 3126 2444 3193 illic
2488 3132 2602 3191 aut

467 3237 661 3303 alium
707 3215 1029 3303 auctorem
1077 3244 1192 3302 aut
1233 3255 1417 3302 suum
1461 3237 1785 3302 iudicium.

634 3348 718 3414 ΙΙ.
804 3350 940 3414 Iam
1002 3348 1183 3414 Liers
1227 3349 1496 3415 Dissert.
1557 3368 1617 3430 p.
1653 3349 1767 3429 10,
1836 3349 2138 3416 Stilarten
2202 3369 2262 3432 p.
2296 3351 2419 3416 691
2466 3368 2595 3432 seq.

641 3601 702 3679 5)
746 3601 826 3661 Ut
891 3601 1131 3661 omnino
1192 3602 1256 3660 in
1316 3600 1520 3660 libello
1567 3602 1855 3661 concinne
1902 3603 2310 3678 componendo
2371 3608 2432 3661 et
2492 3620 2594 3659 ex-

463 3704 741 3780 poliendo
772 3722 1124 3781 perparvam
1156 3723 1394 3780 operam
1424 3704 1640 3781 posuit,
1687 3704 1760 3762 cf.
1795 3704 1965 3763 Liers
2008 3704 2254 3764 Dissert.
2283 3724 2342 3780 p.
2369 3709 2465 3776 32,
2493 3708 2591 3764 33.

639 3807 704 3884 6)
748 3806 846 3867 sio
905 3807 1280 3866 scribendum
1343 3825 1470 3866 esse
1532 3805 1787 3866 coniecit
1860 3807 2108 3883 primam
2166 3826 2406 3866 manum
2468 3809 2592 3866 eod.

464 3911 720 3970 Parisini
765 3917 1000 3970 secutus
1045 3909 1306 3969 Schenkl
1353 3909 1596 3968 Wiener
1639 3908 1888 3969 Studien
1932 3910 2021 3970 IV
2065 3930 2121 3987 p.
2156 3915 2255 3969 66.
