3309 4675
1508 268 1931 337 ..12-

650 440 964 523 pulchris;
1011 442 1244 509 deinde
1288 442 1363 525 ἐξ
1398 442 1754 522 176-178,
1799 462 1964 524 quae
2006 448 2158 509 sunt
2201 444 2281 510 de
2325 443 2407 509 iis
2447 440 2785 524 generibus

650 570 872 620 vocum
919 572 1083 634 quae
1143 554 1282 620 soni
1327 552 1711 620 differentiis
1773 553 1951 619 fiunt.
2041 554 2198 621 Illas
2243 573 2280 620 e
2323 554 2787 637 Theophrast0‚

651 664 767 730 has
816 684 851 730 e
895 664 1156 745 scriptis
1203 666 1584 731 musicorum
1629 684 1701 731 se
1756 666 2050 732 hausisse
2094 666 2459 733 Demetrius
2504 667 2644 748 ipse
2690 667 2783 732 in-

651 777 842 843 dicat.
934 776 1244 843 Neutrum
1292 785 1486 860 caput
1530 778 1702 843 iusto
1746 776 1884 843 loco
1927 779 2205 860 positum
2252 784 2383 857 est3
2443 782 2783 858 utrumque

651 908 790 955 cum
837 889 915 971 ἐξ
949 889 1288 955 142-145
1349 891 1566 971 potius
1625 890 2129 973 coniungentium
2192 898 2350 957 erat.
2442 886 2786 955 Praeterea

648 1020 811 1083 quae
855 1002 921 1066 in
965 1002 1324 1083 posteriore
1368 1001 1578 1082 capite
1625 1002 1706 1067 de
1736 1002 2076 1084 generibus
2119 1019 2342 1068 vocum
2377 1001 2784 1067 disseruntur

650 1114 1089 1196 coniungenda
1119 1119 1303 1179 erant
1346 1132 1486 1179 cum
1533 1113 1614 1180 iis
1646 1132 1810 1196 quae
1852 1115 1918 1179 in
1957 1114 2169 1196 priore
2215 1115 2295 1180 de
2326 1113 2584 1180 vocibus
2629 1131 2783 1179 sono

650 1224 933 1308 pulchris
1001 1227 1318 1291 dicuntur.
1423 1226 1732 1292 Videmus
1793 1226 1994 1308 igitur
2050 1225 2466 1308 Demetrium,
2528 1244 2691 1308 quae
2749 1245 2785 1290 e

650 1337 921 1403 diversis
953 1336 1237 1403 fontibus
1267 1337 1576 1420 hauserit,
1622 1344 1926 1420 separata
1954 1336 2017 1404 in
2064 1338 2280 1404 libello
2310 1357 2426 1404 suo
2472 1337 2783 1419 posuisse,

649 1467 790 1514 cum
822 1450 1140 1515 sententia
1185 1467 1259 1515 ac
1290 1449 1630 1531 dispositio
1675 1456 2009 1531 poscerent
2055 1456 2127 1515 ut
2171 1468 2247 1516 ea
2294 1450 2360 1514 in
2390 1468 2585 1515 unum
2615 1466 2783 1514 com-

647 1559 1086 1627 miscerentur.

815 1784 853 1865 ξ
897 1784 958 1848 4.
1046 1783 1183 1849 Iam
1214 1784 1298 1849 ad
1345 1802 1421 1849 ea
1452 1794 1851 1867 argumenta,
1893 1802 2055 1867 quae
2086 1802 2121 1849 e
2152 1784 2443 1849 doctrina
2472 1782 2782 1849 Demetrii

647 1895 855 1975 petita
915 1900 1083 1974 sunt,
1147 1894 1489 1961 refutanda
1548 1897 1944 1962 accedamus
2038 1897 2129 1961 Ac
2189 1896 2464 1976 primum
2526 1894 2779 1977 quidem

645 2007 828 2073 Liers
896 2006 1166 2073 Dissert.
1214 2027 1275 2089 p.
1324 2008 1384 2088 8,
1451 2007 1761 2074 Stilarten
1827 2028 1887 2091 p.
1920 2007 2047 2074 695
2092 2025 2222 2089 seq.
2283 2007 2408 2074 699
2470 2006 2589 2073 hoc
2650 2006 2784 2072 fere

648 2119 834 2184 modo
865 2119 1160 2185 disserit:
1207 2119 1613 2202 „Demetrius
1660 2121 1726 2185 in
1756 2118 2117 2185 vehementi
2162 2136 2393 2201 genere
2424 2116 2540 2204 (τιῖ
2591 2116 2779 2203 dung*

640 2229 1042 2318 χαρακτῆρι),
1110 2232 1280 2313 quod
1323 2231 1665 2314 praecipue
1712 2232 1775 2296 in
1819 2231 1989 2297 veris
2034 2230 2547 2297 contentionibus
2593 2222 2777 2315 (ἀλη-

642 2345 869 2420 θινοῖς
915 2334 1148 2427 ἀγῶσι)
1194 2343 1396 2409 locum
1447 2343 1660 2425 habet,
1706 2350 2002 2409 naturam
2032 2343 2264 2425 valere,
2308 2343 2532 2410 obesse
2572 2350 2779 2408 artem

641 2455 846 2534 docet,
895 2452 972 2520 cf.
1005 2455 1082 2536 ἐς
1112 2455 1213 2521 27.
1262 2456 1406 2521 247.
1453 2455 1596 2522 250.
1645 2455 1791 2521 274.
1880 2455 2019 2533 Qua
2062 2455 2126 2519 in
2174 2473 2243 2520 re
2288 2455 2604 2522 consentit
2636 2473 2775 2521 cum

641 2565 1089 2632 Alcidamante
1132 2572 1198 2631 et
1245 2566 1609 2647 Aristotele,
1655 2568 1765 2649 qui
1809 2567 1977 2632 idem
2023 2567 2256 2633 docent
2300 2568 2380 2634 de
2423 2567 2779 2633 elocutione

641 2695 861 2741 earum
905 2678 1285 2757 orationum,
1329 2696 1493 2760 quae
1537 2678 1860 2759 dicuntur,
1920 2697 2045 2742 non
2089 2677 2457 2744 scribuntur
2502 2685 2775 2762 tantum,

643 2787 719 2853 cf.
770 2787 978 2854 Alcid.
1037 2786 1194 2875 περὶ
1264 2787 1600 2874 σοφιστῶν
1666 2790 1703 2872 ξ
1755 2790 1835 2855 13
1855 2839 1871 2870 ,
1931 2790 2203 2856 Aristot.
2262 2791 2450 2856 Rhet.
2510 2791 2628 2870 III,
2677 2791 2776 2868 12,

639 2898 981 2982 praecipue
1025 2919 1087 2982 p.
1118 2900 1286 2967 1413
1316 2901 1352 2966 b
1401 2908 1457 2966 9.
1511 2901 1738 2965 1414a
1785 2908 1991 2962 8-16
2018 2902 2113 2982 ⁷);
2175 2901 2504 2983 discrepat
2548 2921 2588 2966 a
2633 2900 2774 2966 rhe-

639 3012 890 3078 toribus
934 3013 1311 3093 posterioris
1358 3012 1614 3093 aetatis,
1659 3013 1767 3094 qui
1814 3012 2008 3078 etiam
2054 3013 2225 3080 veris
2264 3013 2775 3080 contentionibus

814 3288 876 3365 7)
938 3289 1107 3348 Liers
1181 3296 1491 3366 praeterea
1568 3289 1773 3348 laudat
1848 3309 1895 3349 ο.
1959 3289 1991 3348 7
2058 3309 2118 3365 p.
2168 3291 2385 3348 1408b
2422 3309 2520 3366 11,
2595 3309 2643 3349 c.
2695 3293 2767 3349 11

639 3412 699 3468 p.
739 3397 952 3450 1413a
984 3409 1064 3456 29.
1155 3392 1239 3450 Hi
1298 3398 1496 3451 autem
1555 3391 1672 3450 loci
1719 3391 1870 3450 nihil
1929 3391 2165 3464 valent3
2230 3411 2425 3472 neque
2470 3392 2627 3452 enim
2670 3391 2773 3451 ille

639 3495 712 3552 ad
757 3514 856 3553 eas
887 3513 1041 3573 quae
1085 3495 1364 3554 dicuntur
1394 3495 1694 3554 orationes
1739 3493 1893 3552 solas
1940 3501 2169 3568 spectat
2198 3494 2371 3574 (quin
2417 3495 2561 3554 illud
2596 3485 2767 3572 οὖρα-

637 3589 894 3671 νόμηκες
955 3596 1113 3675 quod
1171 3596 1257 3656 ibi
1321 3599 1565 3657 affertur
1625 3597 1867 3656 videtur
1930 3617 2005 3655 ex
2065 3597 2346 3657 Isocratis
2409 3617 2491 3656 or.
2545 3602 2639 3670 15,
2675 3617 2769 3663 134

639 3699 891 3773 petitum
937 3699 1089 3777 esse)
1136 3707 1196 3760 et
1255 3699 1318 3758 in
1362 3701 1476 3759 hoc
1521 3718 1673 3780 quae
1718 3699 1903 3760 verba
1960 3700 2084 3758 sola
2128 3699 2395 3759 indicant
2438 3701 2509 3758 de
2556 3700 2771 3759 oratio-

639 3799 816 3859 nibus
858 3801 944 3880 ibi
990 3802 1086 3876 agi
1131 3802 1425 3880 „xpfflvm
1470 3796 1534 3860 δὲ
1564 3794 1813 3876 μάλιστα
1858 3793 2049 3882 τούτῳ
2095 3797 2157 3860 οἱ
2178 3791 2432 3860 Ἀττικοὶ
2463 3794 2768 3880 ρήτορες“,

642 3922 709 3962 ea
753 3905 828 3963 ab
871 3904 1296 3982 interpolatore
1343 3905 1597 3986 quodam
1642 3904 1937 3963 inculcata
1980 3923 2107 3964 esse
2153 3903 2281 3965 veri
2324 3904 2516 3964 simile
2561 3911 2667 3966 est.
