3309 4675
1506 289 1932 374 428.-

646 484 748 547 cet
803 481 998 547 etiam
1043 482 1141 548 De
1202 500 1404 564 comp.
1467 481 1640 561 verb.
1688 501 1774 549 cc.
1823 480 2130 564 21—24.)
2216 480 2356 547 Hac
2414 483 2493 548 de
2556 501 2627 548 re
2671 481 2781 564 qui

645 593 855 659 adhuc
899 593 1294 675 scripserunt
1337 612 1558 660 omnes
1601 597 1998 676 putaverunt
2039 593 2328 677 Dionysii
2369 596 2777 679 χαρακτῆρας

643 706 756 791 τῆς
799 700 1038 783 λέξεως
1080 707 1165 770 ad
1196 705 1614 771 elocutionem
1660 707 2026 773 universam
2054 706 2399 788 pertinere.
2491 706 2617 772 Sed
2661 706 2779 770 mi-

642 816 912 881 randum
957 823 1131 884 esset
1171 817 1548 901 Dionysium
1592 819 1773 900 prius
1818 819 1901 884 de
1930 818 2381 884 Demosthenis
2424 816 2781 884 elocutione

644 928 944 994 universa
1004 929 1408 1009 disseruisse,
1472 930 1704 996 deinde
1763 930 1845 995 de
1907 930 2045 995 eius
2108 930 2567 1022 compositione
2609 930 2779 1009 sola3

645 1040 840 1107 etiam
884 1040 1089 1123 magis
1118 1041 1478 1106 mirandum
1525 1060 1669 1107 eum
1717 1041 2097 1108 elocutionis
2134 1042 2471 1108 universae
2514 1059 2780 1123 prorsus

642 1152 772 1217 alia
813 1171 1052 1235 genera
1095 1153 1454 1219 instituisse
1497 1172 1572 1219 ac
1610 1154 2112 1235 compositioniS‚
2157 1171 2321 1236 quae
2363 1155 2427 1219 in
2474 1152 2587 1219 illa
2630 1172 2779 1219 con-

641 1266 902 1331 tinetur.
1010 1264 1318 1346 (Operam
1377 1266 1797 1345 perdiderunt
1839 1265 2202 1332 Volkmann
2268 1265 2417 1331 edit.
2464 1267 2496 1331 I
2537 1285 2599 1347 p.
2631 1264 2778 1347 460,

644 1377 796 1443 edit.
831 1376 896 1441 Π
928 1396 989 1459 p.
1021 1376 1172 1458 547,
1217 1382 1283 1442 et
1326 1377 1632 1445 Hammer
1675 1397 1781 1460 pp.
1820 1376 1899 1443 15
1930 1396 2126 1461 seqq.‚
2173 1360 2281 1461 qui
2325 1376 2779 1443 laboraverunt

640 1493 713 1553 ut
757 1489 1173 1554 ostenderent
1214 1488 1373 1554 haec
1417 1508 1654 1571 genera
1700 1508 1843 1555 cum
1886 1488 2017 1556 illis
2060 1491 2427 1571 convenire3
2490 1508 2660 1571 nam,
2705 1494 2777 1554 ut

639 1600 1085 1683 gravissimum
1147 1604 1398 1665 tantum
1443 1600 1706 1668 afferam
1726 1654 1743 1683 ,
1803 1595 1842 1687 ἣ
1898 1598 2197 1687 γλαφυρὰ
2260 1597 2571 1677 σύνθεσις
2631 1620 2775 1667 cum

641 1708 816 1775 nullo
881 1730 917 1776 e
977 1712 1316 1793 generibus
1359 1707 1600 1791 λέξεως
1654 1713 2000 1796 convenit.)
2111 1714 2533 1791 Quamobrem
2596 1713 2774 1796 equi-

639 1823 786 1888 dem
869 1842 1095 1889 censeo
1172 1823 1549 1908 Dionysium
1610 1826 1676 1891 in
1745 1825 1958 1892 libello
2033 1826 2143 1909 qui
2226 1831 2328 1893 est
2400 1826 2481 1891 de
2542 1825 2774 1891 Demo-

639 1932 868 2000 sthene
912 1930 1090 2014 λέξιν
1132 1934 1419 2018 intellegi
1463 1937 1742 2002 voluisse
1800 1932 2066 2024 ἐκλογὴν
2120 1934 2249 1999 τῶν
2294 1928 2633 2020 ὀνομάτων
2672 1956 2774 2002 so—

637 2046 797 2126 lam3
846 2046 1017 2128 quod
1060 2052 1219 2128 puto
1263 2048 1673 2115 manifestum
1718 2047 2005 2115 futurum
2050 2068 2214 2128 esse,
2258 2050 2383 2114 nisi
2427 2048 2626 2115 libelli
2670 2066 2774 2114 ca—

637 2158 777 2240 pita
834 2157 1044 2240 prima
1101 2158 1466 2240 periissent.
1557 2159 1697 2226 Hac
1743 2179 1887 2226 cum
1943 2161 2007 2226 vi
2052 2180 2173 2225 vox
2236 2155 2416 2240 λέξις
2458 2180 2584 2225 non
2628 2178 2775 2224 raro

633 2273 1020 2352 usurpatur3
1082 2269 1430 2354 Dionysius
1489 2271 1628 2355 ipse
1684 2272 1781 2339 De
1824 2272 2020 2356 Lysia
2064 2272 2103 2336 8
2148 2292 2209 2355 p.
2242 2271 2391 2354 467,
2416 2280 2450 2332 8
2510 2278 2771 2353 praeter

636 2375 932 2445 διάνοιαν
977 2386 1043 2449 et
1088 2377 1395 2448 σύνθεσιν
1440 2385 1704 2451 tertium
1749 2383 2124 2452 elocutionis
2171 2386 2555 2451 elementum
2590 2383 2771 2466 λέξιν

632 2492 919 2574 exhibet,
983 2495 1151 2560 idem
1214 2494 1581 2563 Demetrius
1643 2515 1895 2579 semper
1954 2495 2112 2562 facit
2132 2549 2148 2579 ‚
2204 2496 2640 2580 Hermogenes
2704 2502 2771 2564 et

632 2606 1051 2671 elocutionem
1096 2607 1460 2674 universam
1523 2606 1779 2692 (figuris
1834 2610 2302 2675 sententiarum
2345 2610 2658 2692 exceptis)
2703 2616 2770 2677 et

629 2719 968 2784 verborum
1013 2718 1330 2784 delectum
1375 2715 1554 2799 λέξιν
1596 2726 1804 2800 vocat,
1851 2719 1927 2787 cf.
1976 2720 2094 2785 Rh.
2130 2718 2239 2786 Gr.
2279 2720 2381 2804 Sp.
2416 2723 2481 2786 H
2523 2742 2585 2804 p.
2619 2722 2767 2804 269,

633 2835 863 2893 8—13.
907 2829 1056 2910 270,
1081 2836 1349 2893 13—15.
1438 2829 1608 2897 IHud
1652 2850 1825 2913 vero,
1872 2833 2042 2914 quod
2072 2832 2138 2897 in
2183 2831 2295 2898 illa
2323 2831 2525 2898 libelli
2561 2838 2767 2915 parte,

630 2961 756 3024 qua
816 2941 1132 3007 delectum
1193 2942 1528 3008 verborum
1588 2946 1854 3009 tractari
1910 2948 2070 3024 puto
2090 2996 2105 3025 ,
2167 2944 2362 3010 etiam
2417 2942 2766 3027 figurarum

630 3056 888 3136 saepius
933 3055 1020 3136 (p.
1065 3053 1212 3136 963,
1243 3060 1510 3119 10—14.
1589 3055 1736 3137 966,
1768 3047 2107 3137 15-967,
2129 3062 2184 3120 3.
2250 3055 2765 3139 977‚1o—-981,

634 3171 730 3231 15.
795 3165 979 3247 1008,
1002 3174 1057 3232 5.
1129 3165 1735 3248 1013‚16—1015‚
1764 3167 1823 3250 1)
1884 3169 2123 3233 mentio
2186 3166 2290 3248 fit,
2363 3186 2764 3252 nequaquam

628 3283 851 3344 contra
893 3296 995 3343 me
1037 3277 1224 3361 facit,
1286 3295 1429 3343 cum
1473 3277 1719 3361 figurae
1760 3278 2069 3363 Dionysio
2130 3285 2388 3346 auctore
2432 3286 2501 3346 et
2542 3281 2608 3345 in
2655 3276 2763 3344 ἐκ·-

627 3544 938 3599 venustam
967 3535 1308 3597 Demetrius
1351 3557 1473 3596 non
1517 3542 1765 3611 tractat3
1812 3558 1920 3614 pro
1967 3540 2095 3598 eius
2140 3540 2333 3599 media
2376 3543 2573 3598 autem
2619 3540 2763 3598 duas

630 3641 896 3714 exhibet,
958 3646 1274 3702 venustam
1319 3660 1496 3720 quam
1554 3642 1684 3718 ipse
1732 3641 1877 3702 dicit
1921 3649 1981 3702 et
2023 3643 2457 3714 vehementem,
2505 3642 2761 3721 denique

627 3745 698 3803 de
744 3743 911 3802 tenui
972 3763 1190 3819 genere
1251 3742 1699 3819 compositionis
1761 3744 2015 3818 disserit,
2080 3746 2153 3804 de
2216 3765 2335 3825 quo
2398 3745 2549 3803 nihil
2596 3751 2763 3803 extat

625 3846 782 3922 apud
826 3846 1198 3926 Dionysium.
1295 3846 1595 3923 (Dionysii
1640 3840 1954 3925 γλαφυράν
1986 3848 2472 3924 compositionem
2518 3867 2757 3928 prorsus

628 3948 920 4008 diversam
965 3968 1092 4010 esse
1135 3969 1172 4008 a
1215 3950 1614 4022 Demea-iana,
1660 3952 1761 4029 §2
1810 3950 2085 4031 ostendi.)

3250 1535 3273 1555 V

3290 940 3301 2062 —-———;——*ss
