3309 4675
1399 312 1783 377 -3-

524 504 585 566 p.
619 483 794 569 538).
886 483 1007 550 Gru.
1055 482 1277 549 Christ
1319 501 1568 565 quoque
1611 480 2027 565 (Geschichte
2072 482 2189 547 der
2230 482 2468 564 griech.
2506 482 2663 547 Litt.

525 616 590 678 p.
621 596 780 679 444)
825 595 1218 661 Demetrium
1265 600 1554 660 nostrum
1601 600 1753 659 ante
1784 593 2148 660 Ciceronem
2195 601 2262 659 et
2289 593 2662 677 Dionysium

526 706 835 771 Thracem
898 707 1238 788 scripsisse
1299 711 1531 772 censet.
1623 706 1785 770 Mihi
1849 711 2062 771 autem
2126 724 2503 788 persuasum
2565 712 2666 771 est

530 818 925 883 Demetrium
988 825 1138 900 post
1182 817 1557 900 Dionysium
1603 815 2233 883 Halicarnassensem
2296 816 2662 898 scripsisse;

526 930 701 1011 quod
743 930 1018 1011 probare
1063 928 1338 995 conabor
1397 928 1742 1012 praecipue
1787 912 2098 995 doctrinis
2159 928 2495 995 rhetoricis
2540 931 2665 996 De-

528 1041 740 1106 metrii
802 1046 868 1107 et
929 1040 1200 1106 aliorum
1261 1046 1588 1106 auctorum
1651 1042 1821 1105 inter
1880 1059 1951 1106 se
2008 1039 2423 1107 conferendis.
2513 1041 2666 1107 Tria

527 1151 728 1233 igitur
772 1153 989 1233 capita
1032 1152 1509 1218 dissertationis
1572 1152 1938 1229 instituam3
2001 1170 2265 1233 quorum
2311 1152 2519 1235 primo
2564 1173 2665 1219 ar-

530 1264 834 1345 gumenta
877 1266 1190 1347 graviora,
1254 1263 1487 1346 quibus
1532 1265 1973 1330 demonstrare
2016 1269 2334 1331 tentatum
2396 1271 2497 1331 est
2540 1266 2665 1331 De-

530 1375 826 1440 metrium
889 1380 1040 1441 ante
1106 1376 1481 1459 Dionysium
1546 1376 1883 1457 scripsisse
1957 1375 2151 1459 (quae
2210 1374 2425 1442 omnia
2482 1377 2665 1442 Liers

531 1490 645 1551 aut
699 1485 873 1552 solus
937 1492 1051 1553 aut
1107 1487 1353 1571 primus
1398 1487 1671 1572 attulit),
1730 1485 2043 1567 refutabo,
2108 1486 2312 1553 altero
2356 1488 2667 1554 Demetrii

531 1597 856 1663 doctrinas
919 1600 1004 1664 ad
1063 1618 1300 1681 genera
1377 1600 1628 1666 dicendi
1686 1600 2081 1682 pertinentes
2144 1598 2460 1666 conferam
2524 1617 2667 1666 cum

529 1709 633 1789 iis,
677 1728 842 1791 quae
885 1712 1062 1792 apud
1121 1710 1281 1777 alios
1347 1710 1637 1777 rhetores
1683 1711 2000 1793 leguntur,
2062 1711 2258 1777 tertio
2320 1711 2418 1777 cui
2464 1713 2666 1777 aetati

529 1821 894 1887 Demetrius
925 1822 1386 1888 adscribendus
1415 1824 1504 1887 sit
1535 1822 1987 1888 demonstrabo
2017 1823 2411 1905 argumentis
2441 1822 2666 1905 petitis

530 1932 768 2013 partim
815 1952 891 1998 ex
935 1934 1014 1998 iis
1058 1932 1268 2013 rebu8‚
1312 1952 1473 2015 quas
1516 1934 1729 2016 capite
1773 1933 1977 1999 altero
2015 1954 2382 2016 exposuero,
2428 1935 2662 2017 partim

529 2063 606 2108 ex
653 2043 817 2109 aliis,
