3309 4675
1344 308 1767 375 *41*

475 478 979 566 μεγαλοπρεπὲς
1039 489 1104 547 et
1159 478 1487 569 γλαφυρὸν
1546 479 1908 565 significata
1968 501 2109 549 esse
2165 500 2357 564 posse
2399 481 2601 546 mani-

474 592 712 659 festum
778 599 880 659 est
895 645 912 675 ,
948 595 1351 675 'praesertim
1411 612 1554 660 cum
1601 594 1794 661 etiam
1842 614 1878 660 e
1922 593 2212 677 Dionysii
2256 592 2599 677 generibus

475 722 673 770 unum
719 702 1024 788 Syrianus
1069 699 1268 790 ἁδρὸν
1327 713 1512 772 vocet
1530 758 1546 787 ,
1607 725 1737 789 qua
1796 723 1949 771 voce
2008 724 2209 787 genus
2266 706 2521 771 dicendi
2563 723 2603 769 a

474 815 786 900 Dionysio
847 817 1089 883 nullum
1133 837 1401 901 usquam
1466 818 1776 900 appellari
1836 818 2019 883 Liers
2064 819 2252 883 docet
2297 816 2601 881 Stilarten

473 948 534 1010 p.
573 928 714 994 703.
805 930 1018 1011 Atque
1065 930 1261 995 etiam
1305 931 1386 996 de
1429 929 1745 995 Demetrii
1806 948 2037 1013 genere
2083 929 2441 995 vehementi
2486 926 2601 1010 Sy-

477 1040 695 1106 rianus
741 1042 1058 1123 cogitasse
1101 1046 1321 1123 potest
1336 1094 1352 1123 ‚
1398 1059 1760 1125 quanquam
1806 1041 1944 1107 eius
2000 1042 2139 1107 loco
2183 1041 2380 1107 medii
2424 1058 2600 1106 men-

473 1151 713 1217 tionem
743 1151 914 1218 facit.
1003 1153 1208 1222 Erant
1251 1153 1417 1219 enim
1449 1154 1559 1237 qui
1589 1152 2012 1219 elocutionem
2042 1151 2600 1220 Demosthenicam
2646 1243 2651 1247 ¹

475 1262 592 1329 sub
635 1282 833 1329 unum
895 1282 1098 1345 genus
1156 1265 1434 1331 medium
1495 1266 1727 1331 cadere
1793 1269 2147 1346 censerent,
2194 1263 2270 1329 of.
2318 1264 2601 1330 Pseudo-

475 1372 797 1441 Plutarch.
845 1376 942 1442 De
988 1376 1123 1441 vita
1167 1382 1231 1441 et
1272 1376 1451 1458 poesi
1482 1376 1749 1442 Homeri
1796 1376 1877 1440 72
1920 1404 2007 1427 =
2048 1375 2107 1439 V
2151 1396 2212 1457 p.
2252 1375 2488 1455 119‚51
2518 1410 2599 1420 —

478 1486 678 1567 120,4
742 1486 1023 1568 Diibner‚
1084 1487 1203 1553 Rh.
1253 1487 1360 1552 Gr.
1410 1489 1502 1553 W.
1551 1486 1694 1569 VH,
1744 1489 1775 1552 1
1823 1508 1885 1569 p.
1917 1486 2368 1574 26„3—9²⁸);
2430 1488 2598 1553 idem

471 1603 688 1665 autem
736 1598 1200 1666 Demosthenes
1257 1618 1400 1665 cum
1458 1604 1686 1665 auctor
1728 1599 2007 1681 optimus
2064 1600 2148 1663 sit
2194 1599 2448 1681 generis
2492 1618 2601 1665 ve-

473 1709 789 1776 hementis
834 1710 1232 1777 Demetriani
1247 1763 1262 1792 ‚
1320 1716 1580 1792 poterat
1623 1711 1765 1794 quis
1808 1718 2038 1792 putare
2082 1730 2283 1793 genus
2326 1711 2601 1777 medium

472 1821 643 1887 idem
688 1840 828 1889 esse
874 1841 950 1888 ac
979 1821 1337 1888 vehemenS.
1426 1823 1600 1888 Nihil
1642 1822 1844 1904 igitur
1872 1822 2089 1888 obstat
2130 1842 2211 1888 ne
2257 1823 2337 1889 de
2378 1826 2599 1888 nostro

472 1932 801 1999 Demetrio
846 1934 1183 2016 Syrianum
1228 1940 1528 2016 putemus
1573 1936 1909 2017 cogitasse.

643 2044 850 2112 Docet
906 2052 1122 2112 autem
1180 2046 1486 2128 Syrianus
1545 2046 1944 2113 Demetrium
2006 2050 2157 2128 post
2218 2046 2595 2128 Dionysium

472 2156 1108 2223 Halicarnassensem
1169 2158 1523 2239 scripsisse.
1631 2157 1857 2241 Neque
1900 2177 2079 2224 mera
2122 2158 2489 2223 coniectura
2531 2158 2599 2223 id

472 2268 726 2334 videtur
789 2269 1156 2352 collegisse3
1215 2288 1360 2335 nam
1419 2270 1474 2336 si
1533 2269 1654 2336 hoc
1715 2269 1991 2351 fecisset,
2056 2270 2188 2334 veri
2250 2270 2457 2335 simile
2500 2277 2601 2336 est

471 2400 616 2446 eum
691 2382 1126 2448 coniecturum
1199 2381 1400 2449 fuisse
1471 2382 1866 2449 Demetrium
1940 2387 2090 2448 ante
2162 2382 2599 2464 Hipparchum

471 2493 837 2575 scripsisse,
883 2511 1027 2559 cum
1072 2494 1175 2560 hic
1219 2497 1496 2578 quinque
1543 2494 1899 2561 exhibuerit
1944 2513 2183 2576 genera
2200 2543 2217 2575 ‚
2261 2493 2369 2561 ille
2414 2502 2597 2578 quat-

470 2609 637 2688 tuor,
681 2605 1027 2689 Dionysius
1073 2606 1218 2672 tria.

641 2828 679 2910 ἓ
721 2827 824 2894 20.
915 2827 1035 2893 His
1080 2829 1477 2910 argumentis
1541 2829 1701 2893 satis
1759 2827 2135 2909 probavisse
2178 2827 2331 2892 mihi
2376 2827 2598 2894 videor

469 2939 863 3006 Demetrium
941 2947 1092 3022 post
1153 2939 1526 3022 Dionysium
1589 2939 1961 3020 scripsisse3
2041 2939 2320 3020 spatium
2382 2944 2597 3004 autem

469 3052 780 3132 temporis
842 3070 968 3115 non
1033 3051 1332 3133 exiguum
1393 3051 1565 3117 inter
1624 3070 1735 3116 eos
1807 3050 2064 3116 videtur
2136 3051 2594 3117 intercessisse.

469 3161 816 3230 Praeterea
880 3164 961 3227 de
1009 3161 1316 3229 Demetrii
1359 3167 1575 3228 aetate
1636 3160 1760 3226 hoc
1801 3139 1997 3225 unum
2043 3162 2340 3227 contendi
2382 3169 2599 3244 potest

641 3415 750 3488 28)
794 3413 958 3470 Idem
1005 3420 1183 3493 atque
1227 3415 1339 3473 hoc
1382 3413 1713 3489 posteriore
1756 3412 1889 3471 loco
1937 3416 2104 3470 extat
2146 3411 2210 3468 in
2254 3411 2596 3489 Tryphonis

467 3512 672 3573 libello
718 3514 821 3594 qui
881 3522 972 3575 est
1015 3516 1088 3574 de
1150 3516 1340 3591 tropis
1383 3515 1498 3576 Rh.
1527 3511 1626 3572 Gr.
1661 3514 1755 3573 W.
1786 3514 1943 3576 VIII
1989 3534 2046 3590 p.
2082 3515 2223 3586 750,
2255 3531 2408 3579 3-8.
2484 3515 2599 3574 Rh.

471 3615 570 3675 Gr.
631 3613 733 3694 Sp.
776 3617 880 3676 111
938 3637 998 3694 p.
1047 3623 1189 3692 201,
1236 3635 1400 3682 6—11
1426 3661 1441 3690 ,
1517 3635 1713 3696 neque
1770 3637 1913 3677 vero
1972 3617 2103 3693 ipse
2158 3615 2419 3693 Trypho.
2480 3617 2597 3676 hoc

469 3717 737 3795 scripsi&
803 3739 935 3780 cum
995 3719 1151 3779 enim
1198 3721 1272 3778 ab
1318 3719 1598 3780 universa
1656 3738 1739 3793 re,
1799 3721 1873 3778 de
1919 3739 2037 3800 qua
2094 3720 2297 3780 rhetor
2341 3719 2593 3793 disserit,

465 3821 582 3882 hoc
623 3840 865 3899 prorsus
921 3822 1182 3881 alienum
1226 3822 1321 3896 sit,
1380 3824 1455 3881 ab
1499 3821 1926 3900 interpolatore
1988 3823 2253 3884 additum
2315 3840 2443 3882 esse
2485 3842 2595 3899 pu·

467 3925 710 3987 tandum
756 3932 862 4000 eet,
909 3925 1064 4008 quod
1111 3923 1370 4001 Spengel
1413 3924 1717 3996 indicavit,
1760 3926 2045 3987 Hammer
2088 3945 2144 4006 p.
2185 3929 2261 3986 18
2310 3925 2593 4000 neglexit.
