3309 4675
1525 254 1909 320 -5-

651 428 985 488 venustam
1029 422 1216 489 affert
1233 474 1250 504 ‚
1313 444 1480 491 unus
1541 444 1578 491 e
1620 424 2015 492 Dicaearcho
2076 424 2323 509 petitus
2385 431 2505 506 est,
2571 429 2707 491 tres
2750 444 2789 491 e

651 534 936 601 Platone.
1050 534 1390 618 Dionysius
1450 542 1666 603 autem
1730 536 1827 603 De
1869 555 2070 619 comp.
2118 536 2291 603 verb.
2336 536 2420 601 23
2478 556 2542 619 p.
2578 536 2719 615 173,
2750 543 2779 597 1

653 647 1108 729 compositione
1135 654 1404 715 venusta
1448 648 1564 715 hos
1594 655 1893 716 auctores
1921 649 2163 731 optime
2193 668 2346 715 usos
2390 666 2533 715 esse
2563 649 2786 715 docet:

655 759 1041 837 Hesiodum;
1086 759 1364 843 Sappho,
1394 763 1880 841 Anacreontem‚
1912 759 2335 839 Simonidem;
2388 756 2787 843 Euripidem3

655 868 1072 957 συγγραφέων
1116 862 1172 935 δ’
1219 864 1507 957 ἀκριβῶς
1548 869 1673 956 μὲν
1715 864 1965 951 οὐδένα,
2022 871 2277 956 μᾶλλον
2319 870 2395 936 δὲ
2434 870 2569 936 τῶν
2612 870 2787 935 πολ.-

653 981 782 1046 λῶν
826 981 1154 1064 Ephorum
1200 988 1268 1049 et
1310 983 1827 1067 Theopompum
1889 984 2257 1051 Isocratem.
2348 983 2497 1049 Alia
2540 1001 2790 1066 quoque

655 1094 904 1159 ratione
962 1094 1131 1159 idem
1195 1096 1622 1162 demonstrari
1687 1101 1918 1179 potest.
1966 1096 2330 1163 Demetrius
2374 1095 2571 1178 §183
2632 1094 2792 1161 haec

655 1205 815 1271 dicit
857 1200 1188 1285 ,,Πλάτων
1229 1204 1449 1291 μέντοι
1515 1204 1585 1271 ἐν
1627 1206 1909 1285 πολλοῖς
1967 1200 2143 1295 αὐτῷ
2198 1210 2292 1293 τῷ
2350 1204 2589 1293 ῥυθμῷ
2634 1205 2789 1290 γλα-

656 1312 860 1403 φυρός
905 1314 1083 1382 ἐστιν
1125 1315 1529 1404 ἐκτεταμένῳ
1590 1341 1739 1395 πως
1781 1315 1895 1384 καὶ
1956 1311 2101 1383 οὔτε
2146 1314 2342 1404 ἕδραν
2386 1312 2601 1398 ἔχοντι
2644 1312 2789 1383 οὔτε

653 1430 918 1515 μῆκος.“
1005 1427 1344 1509 (Periodus
1387 1431 1490 1497 vel
1531 1431 1803 1497 incisum
1848 1426 2043 1515 ἕδραν
2087 1430 2346 1511 habent,
2389 1431 2449 1498 si
2491 1431 2556 1495 in
2602 1436 2793 1512 parte

656 1547 983 1622 postrema
1009 1542 1348 1608 nonnullae
1377 1541 1665 1625 syllabae
1708 1542 1935 1625 longae
1964 1545 2234 1627 extant.)
2318 1542 2439 1608 His
2470 1542 2794 1609 contraria

656 1657 809 1717 sunt
868 1671 1031 1734 quae
1075 1654 1421 1737 Dionysius
1483 1656 1564 1721 de
1619 1655 2076 1737 compositione
2136 1660 2409 1721 venusta
2465 1655 2651 1721 docet
2692 1654 2795 1719 De

656 1763 986 1829 Demosth.
1051 1766 1137 1830 40
1196 1786 1257 1848 p.
1294 1766 1478 1846 1078,
1505 1770 1536 1828 7
1604 1760 1745 1847 ,ἔτι
1808 1768 1937 1830 τῶν
2002 1766 2275 1853 ῥυθμῶν
2332 1761 2427 1843 εὶς
2485 1754 2567 1843 ἃς
2627 1761 2793 1851 δὴῖ)

654 1867 1136 1941 ἀποστέλλεται
1194 1872 1543 1963 περιόδους
1599 1870 1677 1943 οὗ
1739 1875 1892 1955 τοὺς
1950 1870 2429 1961 ἀξιωματικοὺς
2488 1874 2794 1959 βούλεται

658 1982 1030 2071 λαμβάνειν,
1071 1982 1240 2054 ἀλλὰ
1283 1987 1435 2066 τοὺς
1473 1985 1941 2075 χαριεστάτους
1962 2010 1979 2024 ·
2024 1982 2371 2075 εὐκόρυφοι
2414 1987 2495 2075 δὴ
2522 1983 2789 2074 φαίνον-

659 2122 768 2163 ται
826 2096 940 2164 καὶ
995 2092 1352 2185 εὔγραμμοι
1413 2099 1524 2165 διὰ
1583 2104 1775 2166 τοῦτο
1831 2098 1947 2165 καὶ
1987 2096 2083 2177 εἰς
2143 2096 2397 2185 ἕδραν
2456 2091 2794 2186 άσφαλῖ

657 2210 1064 2277 τελευτῶσι.“
1174 2214 1268 2278 De
1313 2231 1511 2297 comp.
1557 2212 1660 2279 Vb.
1707 2213 1794 2279 23
1837 2232 1900 2296 p.
1939 2213 2145 2294 1724
2204 2207 2360 2293 ,,καὶ
2414 2210 2547 2275 τῶν
2604 2234 2793 2296 περι-

661 2318 830 2390 όδων
859 2322 980 2402 τὰς
1007 2320 1309 2402 τελευτὰς
1337 2315 1704 2412 εὐρύθμους
1731 2314 1899 2390 εἶναι
1929 2320 2236 2408 βούλεται
2270 2320 2384 2389 καὶ
2427 2318 2791 2410 βεβηκυίας,

660 2430 752 2513 ὡς
795 2429 936 2500 ἀπὸ
963 2431 1286 2521 στάθμης,
1330 2429 1640 2502 τάναντία
1672 2435 1960 2502 ποιοὶσα
2004 2433 2073 2501 ἐν
2113 2439 2263 2514 ταῖς
2307 2431 2551 2502 τούτων
2590 2431 2794 2522 ἁρμο-

659 2550 811 2633 γαῖς
863 2541 904 2634 ἢ
964 2551 1112 2625 ταῖς
1166 2549 1298 2612 τῶν
1359 2541 1718 2632 ὀνομάτων.
1782 2546 2000 2614 ἐκεῖνα
2057 2546 2179 2633 μὲν
2236 2546 2359 2632 γὰρ
2405 2544 2795 2633 συναλείφει,

657 2654 899 2736 ταύτας
957 2657 1032 2724 δὲ
1089 2657 1381 2745 διΐστησι
1450 2657 1564 2725 καὶ
1633 2656 1860 2745 ὥσπερ
1928 2657 2003 2724 ἐκ
2064 2655 2432 2745 περιόπτου
2490 2654 2797 2743 βούλεται

662 2767 948 2858 φανερὰς
989 2761 1221 2834 εἶναι.“
1308 2768 1437 2853 (Τὸ
1478 2766 1757 2857 βεβηκός
1800 2770 1934 2838 fere
1962 2773 2130 2838 idem
2163 2783 2265 2838 est
2294 2777 2489 2853 atque
2532 2765 2567 2834 i
2614 2766 2793 2855 ἕδρα,

663 2880 740 2948 cf.
785 2881 1245 2964 Hermogenem
1290 2882 1408 2948 Rh.
1455 2882 1566 2949 Gr.
1615 2882 1726 2965 Sp.
1769 2884 1836 2948 H
1878 2903 1941 2965 p.
1974 2883 2407 2966 296,1-15.)

837 2994 1126 3077 Apparet
1181 2994 1384 3077 igitur
1424 2995 1733 3060 Demetrii
1793 2995 2312 3079 compositionem
2376 3000 2707 3060 venustam
2753 3012 2794 3057 a

661 3105 1055 3188 Dionysiana
1114 3124 1378 3187 prorsus
1423 3105 1741 3173 diversam
1801 3124 1958 3173 esse.
2043 3107 2221 3173 Inest
2284 3115 2499 3172 autem
2556 3104 2670 3170 illa
2726 3104 2793 3170 in

663 3217 954 3299 Dionysii
997 3219 1452 3299 compositione
1514 3219 1729 3286 media
1771 3218 1870 3285 vel
1915 3220 2150 3298 mixta3
2208 3237 2400 3301 quam
2445 3217 2791 3300 Dionysius

956 3377 1068 3384 .—

837 3479 900 3556 2)
946 3478 1043 3538 Sic
1073 3478 1448 3537 scribendum
1481 3497 1692 3538 censeo
1738 3497 1844 3555 pro
1890 3497 1960 3536 eo
2007 3479 2165 3558 quod
2198 3477 2453 3537 traditur
2494 3473 2630 3551 „gni
2676 3477 2795 3535 τοῖν

664 3578 936 3658 ῥυθμῶν.
1002 3577 1085 3649 εἰς
1129 3571 1204 3648 ἃς
1262 3575 1382 3638 δὲ.“
1469 3581 1728 3658 Sylburg
1794 3579 2047 3640 coniecit
2106 3585 2243 3657 post
2300 3573 2623 3668 λαμβάνειν
2666 3599 2793 3640 esse

663 3685 996 3742 addendum
1042 3675 1351 3760 ρυθμούς;
1419 3683 1642 3743 Reiske
1697 3701 1806 3759 pro
1852 3678 1951 3741 ἐπὶ
1995 3684 2371 3743 scribendum
2416 3703 2544 3743 esse
2588 3679 2791 3761 ἔρωτις

662 3787 738 3847 Κ.
783 3787 880 3847 W.
925 3786 1190 3862 Kriiger,
1251 3787 1405 3846 Krit.
1453 3785 1788 3846 Analekten
1834 3787 1867 3845 I
1910 3806 1967 3863 p.
2007 3787 2124 3844 137
2187 3787 2272 3846 sio
2332 3785 2570 3862 scripsit
2622 3781 2791 3859 „kmi

663 3890 784 3948 τῶν
827 3886 1084 3968 ῥυθμοῖν
1128 3885 1212 3959 εἷς
1255 3881 1364 3958 οὓς
1407 3885 1484 3965 δή
1528 3879 1939 3949 &neormam
1984 3881 2135 3974 (τὰς)
2181 3881 2561 3969 περιόδους“.
