3309 4675
1531 266 1955 335 -10-

684 437 952 506 coniecit
995 457 1104 520 ea,
1160 456 1326 519 quae
1384 438 1466 504 de
1525 458 1758 521 genere
1814 444 2082 505 venusto
2127 440 2496 507 Demetrius
2539 439 2815 517 doceret,

681 550 962 631 exceptis
1017 549 1096 614 iis
1156 569 1321 633 quae
1379 556 1591 617 essent
1650 551 1732 617 de
1792 552 2246 632 compositione
2289 552 2395 635 (ἓξ
2430 550 2815 633 179-185),

679 682 758 727 ex
801 662 945 729 aliis
1009 662 1190 728 libris
1247 661 1328 727 ab
1389 680 1463 727 eo
1525 662 1759 727 hausta
1818 680 1977 743 esse,
2041 681 2119 727 ex
2160 663 2241 728 iis
2302 663 2599 729 videlicet
2654 680 2815 745 quos

677 772 1092 857 Peripatetici
1136 775 1219 839 de
1263 778 1598 840 venustate
1629 772 1817 859 (περὶ
1841 768 2157 858 χάριτος),
2202 776 2285 839 de
2314 773 2602 841 ridiculis
2630 771 2816 860 (περὶ

676 880 1012 969 γελοίων),
1087 887 1167 950 de
1228 884 1372 950 aliis
1447 884 1637 951 huius
1700 886 1953 968 generis
2026 886 2217 952 rebus
2277 886 2814 968 conscripsissent.

567 1060 572 1064 .
679 997 797 1063 Cui
825 997 889 1061 in
921 998 1284 1061 universum
1315 997 1660 1079 assentior3
1690 997 1806 1063 sed
1834 998 2053 1063 variae
2082 1002 2304 1080 partes
2326 997 2815 1079 distinguendae

675 1114 843 1175 sunt.
933 1108 1028 1173 Ex
1070 1108 1303 1191 quibus
1343 1109 1556 1191 prima
1599 1115 1668 1174 et
1717 1108 2087 1192 principalis
2129 1109 2559 1193 paragraphis
2604 1109 2813 1175 128-
2898 1167 2905 1174 .

681 1222 805 1288 162
850 1221 1240 1299 continetur;
1302 1227 1656 1302 sequuntur
1714 1221 2155 1288 additamenta
2218 1222 2367 1288 tria.
2454 1220 2541 1286 Et
2582 1222 2664 1286 de
2707 1220 2811 1285 his

678 1334 938 1413 quidem
983 1351 1128 1397 mox
1170 1331 1368 1398 verba
1412 1331 1675 1414 faciam;
1717 1332 1894 1398 illam
1939 1332 2213 1413 primam
2256 1352 2333 1399 ex
2377 1332 2504 1399 alio
2550 1338 2812 1399 auctore

676 1463 717 1510 a
762 1443 1086 1511 Demetrio
1131 1444 1427 1510 haustam
1472 1462 1632 1523 esse,
1679 1443 1780 1510 his
1823 1443 2013 1511 rebus
2057 1451 2363 1526 apparet:

848 1556 916 1639 a)
959 1555 1051 1621 Ut
1093 1553 1157 1619 in
1188 1555 1433 1622 ‘ceteris
1492 1553 1831 1637 generibus
1874 1554 2126 1619 dicendi
2188 1555 2545 1621 tractandis
2586 1554 2815 1621 Deme-

676 1667 839 1732 trius
883 1667 965 1731 de
1007 1666 1217 1746 rebus,
1263 1667 1557 1747 dictione,
1602 1665 2059 1748 compositione
2102 1660 2495 1751 (πράγματα
2534 1667 2636 1733 vel
2666 1662 2813 1731 διά-

677 1800 842 1859 νοια,
890 1774 1086 1859 λέξις,
1154 1776 1510 1861 σύνθεσις),
1572 1779 1805 1862 quibus
1864 1797 2061 1844 unum
2122 1780 2419 1861 quodque
2476 1778 2811 1861 efficiatur,

674 1890 1048 1972 singillatim
1094 1890 1375 1969 disserit,
1421 1890 1513 1956 ita
1555 1891 1750 1955 etiam
1796 1891 1860 1955 in
1906 1908 2138 1972 genere
2202 1896 2507 1957 venusto:
2569 1890 2650 1955 de
2714 1891 2812 1956 di-

673 2003 882 2067 ctione
924 2002 1395 2085 ξξ137-155,
1440 2003 1522 2067 de
1565 2002 1757 2068 rebus
1806 2000 2161 2082 156—162,
2226 2001 2308 2068 de
2352 2002 2802 2084 compositione

677 2112 1036 2179 179—185.
1123 2115 1211 2178 At
1253 2114 1320 2178 in
1365 2114 1444 2196 ἓξ
1491 2112 1862 2194 132-136,
1920 2131 2083 2194 quae
2143 2112 2536 2195 singularum
2598 2130 2810 2178 rerum

681 2224 914 2306 quibus
959 2230 1262 2291 venustas
1326 2223 1399 2289 fit
1460 2224 1848 2290 enarrationi
1908 2231 1979 2290 ut
2042 2224 2368 2291 exordium
2430 2226 2817 2306 praemissae

679 2343 849 2416 sunt,
913 2339 1040 2403 duo
1100 2342 1355 2402 tantum
1414 2336 1621 2402 fontes
1679 2336 2038 2404 venustatis
2083 2340 2673 2414 commemorantur,
2716 2353 2819 2400 res

681 2455 748 2514 et
792 2448 1019 2528 dictio;
1067 2467 1272 2531 neque
1315 2449 1494 2514 tertii
1538 2447 1734 2514 fontis
1768 2449 2148 2514 mentionem
2194 2466 2409 2514 errore
2454 2447 2703 2513 scribae
2748 2446 2813 2512 in

680 2560 1114 2643 manuscripto
1170 2561 1498 2642 excidisse,
1557 2566 1829 2643 apparet
1888 2560 1987 2625 his
2032 2560 2247 2626 verbis
2290 2579 2453 2643 quae
2497 2560 2564 2626 in
2608 2561 2645 2643 5
2696 2562 2818 2628 136

680 2678 936 2738 extant:
999 2663 1203 2759 »ἦσαν
1247 2670 1322 2737 δὲ
1379 2667 1536 2757 ῧμῖν
1593 2666 1663 2736 αἱ
1719 2670 1843 2756 μὲν
1886 2672 2003 2756 (sc.
2041 2666 2331 2757 χάριτες)
2390 2669 2457 2736 ἕν
2500 2675 2580 2760 τῇ
2623 2670 2815 2754 λέξει,

684 2778 753 2847 αἱ
799 2781 874 2848 δὲ
918 2779 986 2848 ἐν
1028 2785 1173 2861 τοῖς
1217 2777 1596 2868 πράγμασι.
1665 2777 2152 2867 παραδείξομεν
2198 2775 2307 2848 οὗν
2349 2781 2465 2849 καὶ
2507 2781 2660 2861 τούς
2702 2781 2816 2850 τό-

680 2918 849 2972 πους
905 2887 1056 2960 καθ’
1120 2889 1454 2980 ἑκάτερα.“
1543 2894 1720 2961 Haec
1764 2895 2201 2976 discrepantia
2259 2912 2384 2975 quo
2430 2896 2615 2961 modo
2672 2901 2818 2960 orta

677 3006 782 3085 sit,
827 3005 1186 3089 intelligere
1249 3025 1370 3072 non
1433 3024 1792 3088 possumus,
1854 3005 1975 3071 nisi
2036 3006 2379 3073 conicimus
2421 3006 2817 3074 Demetrium

677 3118 1120 3200 paragraphos
1165 3117 1504 3185 132—162
1549 3137 1628 3182 ex
1656 3117 1873 3199 aliquo
1903 3123 2188 3196 auctore,
2232 3117 2341 3199 qui
2388 3118 2469 3183 de
2513 3117 2612 3183 his
2658 3119 2817 3183 duo-

680 3229 798 3295 bus
829 3237 1080 3295 tantum
1115 3230 1469 3295 venustatis
1501 3228 1785 3295 fontibus
1812 3228 2209 3309 disseruerit,
2239 3229 2546 3311 hausisse,
2590 3230 2817 3296 deinde

678 3360 787 3407 eas
831 3343 927 3425 ξς,
973 3359 1136 3424 quae
1180 3348 1332 3407 sunt
1376 3341 1457 3406 de
1499 3341 1954 3423 compositione
2001 3348 2289 3420 venusta,
2351 3342 2433 3406 de
2476 3358 2591 3406 suo
2634 3340 2816 3406 addi-

677 3454 848 3519 disse
875 3451 982 3534 (cf.
1015 3453 1052 3535 ξ
1087 3453 1238 3536 179)
1284 3470 1484 3534 neque
1513 3471 1683 3530 vero,
1728 3458 1801 3517 ut
1845 3451 2140 3532 debebat,
2185 3452 2373 3518 huius
2403 3452 2577 3518 tertii
2623 3451 2815 3517 fontis

680 3564 1064 3630 mentionem
1110 3565 1174 3628 in
1221 3564 1298 3646 ἐξ
1336 3563 1673 3630 132-136
1716 3563 2078 3630 inseruisse.

849 3674 919 3758 b)
980 3675 1150 3740 Bene
1212 3676 1398 3740 Liers
1457 3675 1767 3741 Stilarten
1834 3694 1894 3757 p.
1944 3675 2066 3742 691
2135 3681 2350 3740 monet
2420 3675 2486 3739 in
2550 3680 2815 3740 venusto

677 3805 910 3870 genere
954 3785 1195 3869 figuras
1227 3787 1562 3854 verborum
1607 3790 1693 3854 ad
1724 3788 2063 3854 dictionem
2096 3786 2323 3853 referri
2352 3787 2459 3869 (ἓξ
2491 3787 2613 3854 140
2636 3787 2815 3869 seq.),

679 3916 840 3986 quas
869 3905 1151 3966 ceterum
1183 3899 1547 3968 Demetrius
1578 3899 2053 3988 compositionis
2094 3905 2344 3982 partem
2375 3897 2572 3966 faciat
2602 3899 2708 3986 (ἐξ
2731 3896 2815 3964 59
