3309 4675
1254 1285 1500 1377 Caput
1550 1284 1893 1356 tertium.

556 1444 682 1499 cui
724 1403 934 1500 aetati
976 1442 1360 1500 Demetrius
1405 1442 1904 1499 adscribendus
1949 1442 2043 1498 sit
2085 1442 2615 1497 demonstratur.

679 1574 718 1657 ξ
766 1574 864 1639 14.
954 1575 1003 1639 I.
1081 1574 1238 1640 Cum
1299 1574 1415 1639 sub
1462 1572 1890 1655 Theophrasti
1950 1592 2149 1655 genus
2196 1573 2451 1641 dicendi
2513 1592 2646 1661 me-

512 1686 685 1751 dium
744 1686 1134 1751 elocutiones
1195 1686 1542 1751 admodum
1605 1685 1901 1751 diversae
1960 1686 2212 1767 cadant,
2278 1685 2644 1751 Demetrius

510 1816 627 1882 pro
668 1797 793 1863 hoc
835 1816 1070 1880 genere
1100 1797 1442 1864 vehemens
1487 1805 1555 1863 et
1583 1802 1923 1863 venustum
1968 1797 2266 1863 exhibeat
2310 1796 2417 1877 (cf.
2452 1798 2489 1879 ξ
2522 1796 2651 1881 10),

511 1909 820 1975 Demetrii
866 1910 1159 1975 doctrina
1220 1929 1384 1992 quae
1429 1915 1531 1975 est
1589 1909 1672 1974 de
1730 1908 2071 1991 generibus
2135 1909 2388 1976 dicendi
2445 1911 2650 1991 magis

511 2021 744 2086 idonea
789 2025 890 2086 est
947 2040 1138 2103 quam
1184 2020 1691 2103 Theophrastea.
1785 2020 1972 2097 Quod
2031 2020 2203 2085 haud
2262 2020 2454 2086 dubie
2498 2021 2651 2084 Dio-

512 2133 755 2216 nysiuS‚
800 2133 854 2197 si
899 2131 1013 2198 illa
1057 2134 1194 2199 eius
1240 2138 1451 2199 aetate
1493 2134 1620 2199 iam
1666 2133 1731 2197 in
1776 2133 2058 2198 medium
2101 2132 2356 2213 prolata
2399 2132 2650 2213 fuisset,

513 2244 939 2310 intellexisset
981 2245 1201 2327 itaque
1243 2245 1599 2310 doctrinam
1642 2244 2125 2309 Demetrianam
2176 2250 2433 2311 secutus
2480 2252 2653 2310 esset

513 2361 630 2422 aut
674 2356 951 2422 similem
995 2357 1187 2422 aliam
1245 2358 1383 2440 ipse
1427 2357 1836 2438 instituisset,
1898 2375 2026 2422 non
2073 2356 2498 2439 Theophrasti
2541 2375 2650 2440 ge-

514 2487 674 2534 nera
717 2469 845 2534 tria
891 2469 1299 2535 servavisset.
1389 2470 1494 2546 At,
1539 2469 1778 2534 dixerit
1820 2468 1984 2550 quiS,
2031 2469 2225 2534 etiam
2265 2469 2439 2550 apud
2484 2487 2653 2534 com-

514 2578 729 2660 plures
792 2585 1088 2646 auctores
1105 2630 1122 2661 ,
1201 2581 1309 2663 qui
1389 2580 1542 2662 quin
1613 2585 1763 2662 post
1822 2579 2219 2645 Demetrium
2281 2581 2657 2662 scripserint

515 2691 798 2756 dubitari
854 2711 980 2757 non
1025 2697 1263 2772 potest,
1320 2709 1556 2775 genera
1600 2690 2087 2772 Theophrastea
2141 2691 2270 2756 tria
2327 2691 2655 2773 reperiun-

517 2807 641 2868 tur.
728 2803 866 2868 Hoc
895 2822 1114 2869 verum
1161 2810 1291 2883 est3
1341 2805 1455 2869 sed
1499 2803 1594 2869 illi
1626 2808 1924 2868 auctores
1968 2802 2256 2868 homines
2300 2803 2654 2870 mediocres

519 2913 775 2980 fuerunt
819 2934 1025 2996 neque
1069 2917 1298 2981 mirum
1357 2919 1460 2981 est
1504 2933 1615 2980 eos
1680 2915 2009 2980 doctrinae
2051 2914 2501 2980 Demetrianae
2546 2921 2660 2980 aut

519 3026 814 3091 notitiam
875 3026 1112 3091 nullam
1171 3026 1474 3093 habuisse
1537 3032 1651 3092 aut
1712 3046 1851 3092 eam
1926 3026 2312 3108 neglexisse,
2377 3027 2659 3109 permira

521 3142 735 3202 autem
781 3137 929 3201 talis
986 3136 1235 3203 incuria
1279 3144 1451 3204 esset
1493 3139 1558 3203 in
1605 3137 1941 3221 Dionysi0,
2002 3139 2110 3231 qui
2153 3138 2322 3202 inter
2365 3137 2657 3203 rhetores

519 3248 1112 3329 praestantissimos
1155 3246 1296 3314 fuit.
2509 3235 2513 3239 ’

692 3470 731 3553 ξ
780 3472 879 3537 15.
967 3471 1053 3535 II.
1128 3470 1288 3535 Eam
1349 3471 1619 3537 formam
1685 3471 1973 3550 dicendi,
2042 3490 2227 3554 quam
2293 3470 2661 3537 Demetrius

523 3576 858 3667 δεινότητα
917 3588 1140 3664 vocat,
1184 3582 1552 3665 Dionysius,
1612 3601 1973 3666 quanquam
2033 3584 2095 3647 in
2142 3581 2483 3665 generibus
2526 3585 2661 3646 sta-

521 3695 779 3760 tuendis
839 3695 976 3760 eius
1039 3693 1355 3759 rationem
1416 3695 1655 3760 nullam
1715 3694 1973 3773 habuit,
2032 3713 2156 3758 non
2218 3694 2502 3776 neglexit
2546 3695 2662 3758 sed

523 3805 864 3888 diligenter
923 3805 1307 3871 observavit.
1395 3808 1580 3885 Quod
1624 3805 1961 3873 ostendam
2020 3804 2341 3871 nonnullis
2383 3803 2541 3869 locis
2586 3823 2663 3869 ex

523 3918 664 3983 eius
723 3919 984 3999 scriptis
1045 3920 1456 4000 apponendis,
1546 3920 1659 3984 De'
1700 3916 2027 3983 Demosth.
2098 3917 2182 3982 22
2241 3938 2301 4000 p.
2336 3913 2498 3981 1021
2548 3915 2661 3982 ult.

2220 4025 2253 4082 3
2648 4019 2652 4024 .
