3309 4675
1512 332 1935 398 ...38-

653 502 781 569 1οοί
825 506 978 569 sunt
1019 500 1104 569 de
1147 496 1465 587 δεινότητι
1509 503 1963 571 Demetriana:
2012 506 2081 585 l)
2126 524 2262 589 cap.
2294 506 2335 573 8
2386 507 2559 574 inter
2602 508 2785 591 quin-

652 633 777 697 que
837 612 1249 683 sublimitatis
1306 614 1520 683 fontes
1573 613 1652 681 τὸ
1712 614 2010 702 σφοδρὸν
2063 614 2179 682 καὶ
2242 614 2787 683 ἐνθουσιαστικὸν

653 719 890 801 πάθος
931 731 1482 793 commemoratur.
1570 729 1675 810 (In
1719 727 1935 795 libello
1977 728 2188 811 qualis
2248 749 2416 797 nunc
2458 736 2641 796 extat
2683 731 2787 797 hic

650 837 796 904 fons
838 856 1006 903 unus
1050 845 1580 906 commemoratur
1623 845 1896 920 tantum,
1956 860 2084 905 non
2128 841 2389 908 uberius
2432 846 2783 925 tractatur3

650 951 822 1032 quod
865 949 1018 1015 olim
1062 949 1320 1033 quidem
1365 947 1607 1017 factum
1653 969 1799 1018 esse
1842 954 1978 1019 veri
2027 952 2239 1019 simile
2280 960 2401 1035 est,
2460 954 2577 1020 sed
2619 954 2786 1020 hanc

650 1058 852 1127 libelli
894 1068 1146 1142 partem
1189 1062 1510 1144 perditam
1569 1080 1732 1145 esse,
1796 1062 1875 1130 cf.
1933 1082 2099 1146 quae
2142 1064 2403 1145 exponit
2444 1065 2784 1132 Rothstein

649 1174 718 1238 in
759 1172 1040 1239 Hermae
1083 1172 1208 1239 vol.
1240 1172 1325 1238 23
1369 1193 1431 1256 p.
1468 1174 1550 1241 15
1579 1175 1787 1258 seqq.)
1873 1172 1943 1258 2)
1990 1193 2041 1241 c.
2075 1174 2137 1257 9,
2166 1181 2410 1237 10--13
2444 1177 2783 1258 exponitur

647 1285 770 1350 hoc
811 1302 954 1351 esse
995 1284 1342 1353 discrimen
1407 1287 1576 1352 inter
1633 1286 1841 1353 Iliada
1899 1292 1965 1354 et
2011 1288 2387 1370 Odysseam‚
2447 1296 2521 1353 ut
2562 1287 2630 1354 in
2674 1287 2785 1354 illa

647 1387 940 1481 δεινότης
982 1395 1141 1463 insit
1186 1398 1579 1480 (quanquam
1622 1417 1749 1463 non
1808 1396 1931 1465 hac
1984 1398 2131 1480 ipsa
2172 1417 2327 1466 voce
2368 1399 2437 1464 id
2482 1400 2782 1482 exprimi-

648 1506 804 1592 tur),
847 1509 917 1575 in
962 1508 1084 1574 hac
1143 1527 1271 1575 non
1315 1510 1419 1575 sit.
1510 1508 1579 1593 3)
1626 1528 1679 1576 c.
1728 1510 1826 1591 12,
1851 1516 2016 1571 3--5
2065 1510 2429 1577 ostenditur
2473 1512 2779 1579 elocutio-

649 1621 750 1687 nis
794 1620 1330 1687 Demosthenicae
1370 1621 1646 1688 maxime
1705 1622 2035 1703 propriam
2080 1640 2225 1689 esse
2254 1616 2603 1707 ’δεινότητα
2616 1674 2633 1704 ,
2679 1626 2781 1692 Gi-

647 1732 1027 1799 ceronianae
1070 1732 1450 1799 ubertatem.
1553 1733 1624 1814 4)
1682 1732 1756 1816 5)
1802 1754 1855 1799 c.
1888 1734 2007 1815 -16,
2028 1740 2065 1794 2
2110 1734 2589 1801 demonstratur
2652 1733 2781 1800 δει-

643 1837 877 1929 νότητα
905 1864 1048 1911 esse
1077 1844 1147 1911 in
1175 1845 1410 1927 insigni
1452 1844 1565 1911 illa
1593 1843 1803 1928 figura
1831 1846 2107 1926 iurandi,
2151 1864 2279 1928 qua
2310 1845 2779 1914 Demosthenes

645 1956 710 2023 in
755 1957 1054 2023 oratione
1095 1957 1178 2023 de
1221 1974 1458 2021 corona
1500 1974 1655 2023 usus
1700 1962 1836 2037 est;
1904 1974 1955 2023 c.
1988 1956 2093 2038 22,
2112 1962 2277 2017 3—4
2324 1955 2590 2023 eandem
2634 1977 2775 2026 esse

642 2070 710 2135 in
783 2066 1160 2152 hyperbatis
1216 2067 1747 2135 Demosthenicis.
1858 2067 1928 2150 6)
1986 2086 2038 2135 c.
2070 2068 2177 2149 34,
2198 2078 2235 2129 4
2302 2073 2528 2134 auctor
2588 2070 2781 2137 docet

647 2181 1144 2248 Demosthenem
1174 2179 1488 2264 Hyperidi
1517 2174 1835 2264 δεινότητι
1879 2184 2063 2245 tanto
2105 2185 2456 2261 praestare,
2500 2184 2590 2261 ut,
2634 2200 2778 2247 cum

648 2292 986 2374 pauciores
1028 2310 1220 2376 quam
1263 2292 1368 2360 hic
1410 2292 1650 2360 habeat
1675 2293 1972 2375 virtutes,
2016 2298 2233 2359 tamen
2264 2293 2495 2370 merito
2538 2294 2600 2360 ei
2642 2312 2778 2359 om-

647 2405 800 2470 nino
843 2409 1296 2487 praeponatur.
1384 2404 1632 2471 Horum
1694 2405 1977 2470 locorum
2038 2405 2105 2470 in
2166 2405 2247 2470 iis
2290 2409 2543 2470 tantum
2560 2457 2577 2486 ‚
2622 2425 2779 2488 quos

646 2517 842 2583 tertio
884 2516 1025 2582 loco
1061 2522 1137 2582 et
1181 2521 1362 2585 sexto
1407 2517 1599 2582 attuli
1614 2568 1632 2598 ,
1677 2535 1801 2582 vox
1844 2509 2215 2601 δεινότητος
2256 2519 2452 2598 extat,
2518 2517 2635 2583 sed
2676 2517 2777 2583 vel

643 2627 710 2694 in
753 2627 874 2710 his,
917 2628 1071 2694 item
1117 2634 1192 2694 ut
1233 2646 1428 2710 saepe
1471 2628 1648 2710 apud
1675 2627 2074 2711 Dionysium,
2118 2647 2244 2692 non
2288 2628 2425 2694 sola
2468 2629 2585 2694 sed
2629 2646 2777 2694 con-

644 2739 864 2806 iuncta
916 2757 1060 2805 cum
1121 2738 1266 2806 aliis
1309 2759 1578 2823 quarum
1637 2740 1867 2806 similis
1910 2744 2011 2806 est
2068 2739 2185 2806 vis.
2273 2739 2461 2806 Unde
2504 2745 2779 2823 apparet

644 2851 842 2918 etiam
885 2849 1086 2918 libelli
1149 2869 1200 2918 c.
1233 2851 1275 2916 i.
1321 2847 1476 2936 περὶ
1519 2843 1735 2935 ὕψους
1790 2857 2119 2918 auctorem
2180 2856 2357 2918 certo
2411 2851 2607 2920 verbo
2652 2870 2777 2934 quo

646 2955 986 3048 δεινότητα
1013 2963 1494 3031 Demetrianam
1540 2967 1909 3030 constanter
1953 2962 2313 3045 appellaret
2356 2964 2659 3031 caruisse.
2691 2999 2775 3010 -

643 3073 867 3157 Neque
924 3093 1076 3141 vero
1133 3075 1286 3141 inde
1345 3073 1846 3141 concludendum
1904 3093 2047 3142 esse
2108 3093 2337 3142 censeo
2379 3074 2775 3146 Demetrium

641 3187 838 3252 etiam
901 3191 1052 3266 post
1110 3185 1280 3253 hunc
1343 3186 1715 3268 scripsisse3
1778 3205 1926 3252 nam
1986 3187 2091 3252 hic
2136 3185 2480 3254 Caecilium
2525 3190 2775 3252 tantum

641 3300 908 3381 eiusque
965 3298 1269 3380 aequales
1313 3302 1572 3368 secutus
1631 3316 1779 3365 esse
1834 3302 2053 3379 potest
2110 3297 2422 3378 neglectis
2486 3297 2569 3364 iis
2612 3317 2777 3382 quae

640 3411 932 3477 rhetores
973 3410 1370 3492 posteriores
1411 3429 1578 3475 nova
1619 3407 2042 3492 protulerant.

813 3521 988 3588 Voce
1031 3515 1398 3605 δεινότητος
1457 3521 1653 3587 etiam
1698 3521 2121 3604 Hermogenis
2178 3525 2397 3588 aetate
2458 3540 2501 3585 a
2556 3521 2773 3587 multis

645 3635 867 3701 eadem
912 3651 1020 3700 res
1049 3633 1306 3699 videtur
1335 3629 1697 3714 significata
1740 3651 1885 3700 esse
1920 3651 2084 3716 quae
2122 3651 2165 3698 a
2192 3631 2539 3700 Demetrio.
2610 3632 2775 3699 Her-

639 3874 791 3956 tens,
833 3868 925 3929 De
953 3865 1157 3927 libello
1202 3861 1340 3944 περὶ
1383 3858 1606 3942 ὕψους,
1657 3865 1842 3926 1877.
1930 3866 2237 3941 Goblentz,
2279 3864 2373 3925 De
2414 3863 2607 3925 libelli
2637 3859 2773 3944 περὶ

642 3963 844 4046 ὕψους
887 3977 1145 4042 auctore,
1200 3971 1378 4028 1888.
