3309 4675
1445 260 1871 326 „24-

592 453 632 498 a
675 433 1000 499 Demetrio
1067 427 1354 517 δεινότης
1417 440 1686 501 vocatur
1706 486 1720 513 ‚
1789 436 1961 517 apud
2019 435 2509 502 Demosthenem
2572 436 2727 501 emi-

594 546 1030 611 nentissimam
1105 547 1292 611 docet
1358 564 1499 612 esse
1518 596 1534 626 ‚
1601 548 1777 628 apud
1845 548 2190 612 Isocratem
2266 552 2332 613 et
2398 548 2726 613 Platonem

591 677 716 722 non
763 658 1065 740 reperiri,
1125 662 1201 722 ut
1261 658 1380 723 hac
1442 659 1716 724 maxime
1762 657 2262 739 Demosthenes,
2328 658 2439 724 ubi
2496 677 2730 741 genere

591 771 802 835 medio
847 774 1088 851 utatur,
1132 768 1212 834 ab
1258 768 1482 834 horum
1529 774 1801 852 utroque
1831 771 2267 851 distinguatur
2310 768 2418 850 (cf.
2462 769 2561 836 De
2599 772 2730 837 De-

592 880 822 946 mosth.
853 881 1127 962 20-22,
1172 881 1283 946 ubi
1326 881 1666 961 IsocrateS,
1711 881 1797 948 30
1824 900 1887 962 p.
1922 879 2108 963 1050,
2131 889 2185 945 8.
2231 881 2336 963 32,
2380 881 2489 947 ubi
2523 881 2729 964 Plato,

591 993 676 1057 34
719 1013 780 1076 p.
817 992 1002 1075 1061,
1020 1000 1250 1075 9-13,
1311 991 1421 1057 ubi
1480 998 1753 1076 uterque
1816 1012 1959 1059 cum
2005 994 2436 1059 Demosthene
2480 992 2729 1062 confer-

592 1103 759 1186 tur);
805 1124 1010 1186 neque
1053 1104 1247 1169 ullam
1293 1103 1373 1170 ob
1418 1105 1609 1170 aliam
1653 1124 1790 1169 rem
1834 1104 1956 1170 hae
2000 1111 2134 1170 tres
2166 1105 2557 1171 elocutiones
2604 1126 2729 1172 uno

591 1199 826 1299 genere
856 1217 1500 1298 comprehenduntur,
1545 1218 1669 1283 nisi
1701 1218 1850 1299 quia
1893 1236 2113 1283 omnes
2143 1218 2494 1283 orationem
2525 1237 2730 1301 neque

593 1328 923 1412 vulgarem
967 1348 1172 1411 neque
1216 1348 1482 1411 prorsus
1527 1330 1900 1395 inusitatam
1947 1328 2271 1395 exhibent.

765 1441 951 1517 Quod
1007 1445 1222 1508 autem
1279 1442 1345 1506 in
1405 1460 1607 1524 genus
1651 1442 1929 1506 medium
1991 1446 2126 1507 tam
2187 1441 2475 1506 diversas
2518 1438 2729 1506 elocu-

591 1552 802 1617 tiones
847 1552 1125 1618 adscribi
1169 1571 1432 1619 necesse
1476 1557 1637 1633 erat,
1682 1552 1752 1617 id
1794 1554 1859 1617 in
1906 1552 2199 1618 doctrina
2244 1551 2731 1634 Theophrastea

594 1664 866 1728 maxime
924 1664 1233 1745 displicet.
1324 1664 1463 1731 Hoc
1522 1671 1595 1730 ut
1650 1663 1986 1731 tolleretur
2000 1716 2016 1746 ‚
2065 1682 2227 1746 opus
2286 1669 2426 1729 erat
2470 1667 2732 1746 praeter

594 1780 890 1841 ornatum
952 1775 1329 1842 elocutionis
1387 1776 1552 1842 alius
1609 1777 1870 1842 virtutis
1928 1782 2043 1841 aut
2099 1776 2370 1841 aliarum
2415 1776 2730 1842 rationem

592 1888 842 1954 habere.
933 1888 1146 1971 Atque
1189 1886 1450 1955 fuerunt
1507 1890 1615 1970 qui
1676 1907 1867 1953 unam
1912 1887 2104 1953 aliam
2164 1889 2489 1968 virtutem,
2546 1881 2735 1972 χάριν

596 2000 693 2065 vel
738 1992 998 2085 ἡδονήν,
1063 2020 1139 2065 eo
1185 2000 1449 2065 consilio
1511 2000 1907 2066 adhiberent.
1997 2000 2095 2064 Ex
2152 1999 2385 2082 quibus
2442 1998 2731 2063 nonnulli

595 2113 755 2177 satis
813 2112 1135 2178 habebant
1195 2131 1315 2194 pro
1382 2114 1591 2177 medio
1647 2131 1884 2195 genere
1949 2109 2241 2176 floridum
2310 2130 2580 2193 ponere,
2651 2109 2728 2176 cf.

597 2224 968 2301 Quintilian.
1014 2224 1159 2306 XII,
1195 2225 1295 2306 10,
1330 2231 1407 2285 58
1474 2225 1777 2309 „tertium
1838 2224 1951 2305 (sc.
2015 2242 2219 2306 genus
2278 2223 2561 2304 dicendi)
2624 2221 2734 2287 alii

596 2335 874 2402 medium
919 2355 996 2401 ex
1040 2335 1310 2419 duobUS‚
1357 2336 1468 2402 alii
1512 2333 1808 2403 floridum
1854 2372 1937 2381 —
1982 2355 2257 2418 namque
2317 2335 2386 2400 id
2447 2324 2736 2418 ἀνθηρόν

594 2448 927 2530 appellant
994 2485 1076 2493 —
1141 2446 1600 2529 addiderunt“;
1675 2449 1844 2531 quod
1922 2449 2181 2513 minime
2246 2448 2547 2512 idoneum
2614 2449 2730 2511 est.

597 2561 726 2626 Alii
768 2560 970 2625 multo
1017 2561 1410 2626 commodius
1457 2562 1773 2627 docebant
1814 2561 1879 2624 in
1926 2579 2053 2625 uno
2107 2578 2359 2641 quoque
2405 2577 2439 2623 e
2484 2557 2734 2640 generi-

594 2672 714 2736 bus
759 2670 1260 2752 Theophrasteis
1317 2666 1511 2756 χάριν
1567 2674 1778 2738 inesse
1823 2689 2013 2753 posse
2078 2677 2191 2736 aut
2249 2672 2493 2752 deesse,
2553 2668 2735 2734 binas

595 2784 794 2866 igitur
838 2785 1086 2864 species
1130 2784 1197 2848 in
1242 2784 1510 2864 singulis
1555 2785 1897 2866 generibus
1943 2801 2103 2849 esse.
2191 2783 2295 2848 Ita
2337 2784 2466 2848 iam
2512 2782 2734 2848 Cicero

597 2900 814 2960 censet
869 2896 935 2960 in
997 2896 1290 2960 Oratoris
1351 2894 1428 2977 ἐξ
1489 2894 1575 2960 20
1634 2914 1797 2977 seq.;
1877 2895 2035 2960 dicit
2114 2896 2282 2961 enim
2360 2893 2441 2959 de
2500 2911 2734 2976 genere

599 3006 854 3072 sublimi
915 3008 1125 3091 „quod
1199 3008 1408 3088 ipsum
1473 3006 1585 3071 alii
1656 3025 1891 3088 aspera
1909 3056 1925 3087 ‚
1986 3007 2193 3088 tristi,
2267 3006 2531 3071 horrida
2588 3023 2732 3069 ora-

599 3119 771 3184 tione
843 3137 1047 3201 neque
1105 3119 1395 3201 perfecta
1469 3137 1676 3200 neque
1757 3119 2055 3184 conclusa
2118 3115 2465 3202 (consecuti
2537 3113 2733 3199 sunt),

599 3231 709 3319 alii
771 3231 896 3297 levi
959 3238 1026 3297 et
1083 3237 1328 3297 structa
1393 3236 1459 3297 et
1501 3229 1918 3311 terminata;“
1985 3231 2066 3296 de
2124 3249 2359 3312 genere
2403 3229 2581 3294 tenui
2629 3229 2731 3312 „in

599 3345 948 3426 eodemque
992 3361 1226 3424 genere
1268 3344 1379 3409 alii
1422 3343 1660 3423 callidi,
1705 3344 1820 3410 sed
1862 3342 2136 3424 impoliti
2183 3347 2250 3407 et
2291 3341 2581 3407 consulto
2626 3359 2732 3405 ru-

600 3457 775 3520 dium
839 3455 1081 3520 similes
1139 3461 1205 3520 et
1277 3456 1720 3536 imperitorum
1736 3504 1752 3534 ,
1818 3455 1929 3519 alii
1988 3455 2053 3519 in
2114 3455 2337 3519 eadem
2396 3453 2735 3519 ieiunitate

601 3567 1060 3648 concinnioreS‚
1118 3567 1187 3633 id
1233 3572 1332 3632 est
1374 3565 1587 3647 faceti,
1649 3563 1950 3632 florentes
1998 3567 2191 3632 etiam
2252 3571 2318 3631 et
2361 3565 2589 3631 leviter
2631 3583 2735 3628 or-

599 3678 810 3760 nati“;
856 3680 938 3744 de
980 3698 1214 3761 genere
1258 3678 1468 3743 medio
1517 3678 1738 3762 „isque
1782 3697 1910 3743 uno
1954 3682 2195 3758 tenore,
2240 3683 2315 3742 ut
2348 3676 2549 3756 aiunt,
2593 3672 2735 3739 fluit

601 3795 668 3858 in
713 3793 983 3858 dicendo
1045 3789 1204 3856 nihil
1260 3788 1558 3856 adferens
1615 3796 1875 3871 praeter
1938 3789 2315 3855 facilitatem
2374 3794 2441 3854 et
2496 3806 2731 3869 aequa-

601 3904 939 3984 bilitatem,
985 3907 1098 3968 aut
1143 3903 1326 3969 addit
1371 3901 1618 3985 aliquos
1659 3907 1733 3967 ut
1774 3902 1839 3968 in
1876 3920 2111 3968 corona
2156 3907 2331 3967 toros
2362 3918 2734 3982 omnemque
