3309 4675
1367 329 1795 394 ...13—

512 502 868 569 elocutione
911 501 1262 569 artificiosa
1320 521 1482 582 opus
1548 521 1690 569 esse
1733 507 1995 567 censent
2053 506 2121 566 et
2162 500 2476 583 imprimis
2519 499 2646 565 De-

509 614 864 681 mosthenis
924 614 1337 681 elocutionem
1405 594 1654 680 summa
1714 620 1855 679 arte
1912 612 2262 694 perfectam
2329 633 2472 680 esse
2532 612 2647 677 do-

511 729 719 792 cent.“

682 838 919 904 Verum
981 845 1083 905 est
1124 838 1634 903 Alcidamantem
1695 844 1762 902 et
1806 836 2217 902 Aristotelem
2277 837 2502 902 docere
2563 836 2649 899 ad

511 968 622 1015 eas
666 950 989 1015 orationes
1033 968 1198 1032 quae
1242 950 1541 1017 dicantur
1601 947 2017 1014 elocutionem
2065 946 2478 1013 artificiosam
2522 966 2645 1011 non

513 1062 866 1127 convenire.
954 1062 1350 1128 Demetrium
1396 1067 1611 1126 autem
1644 1060 1835 1126 aliter
1879 1060 2121 1126 sentire
2164 1061 2245 1125 de
2287 1058 2648 1125 vehementi

511 1192 742 1255 genere
785 1174 914 1239 iam
959 1174 1110 1239 inde
1139 1179 1434 1256 apparet,
1479 1174 1650 1254 quod
1694 1172 1760 1236 in
1805 1172 1887 1237 iis
1925 1190 2090 1254 quae
2131 1171 2213 1236 de
2256 1170 2375 1236 hoc
2418 1190 2648 1253 genere

511 1284 773 1366 exponit
835 1284 1286 1352 Demosthenis
1352 1283 1771 1350 elocutionem
1790 1334 1806 1362 ‚
1880 1302 2043 1365 quae
2109 1280 2457 1349 artificiosa
2530 1289 2648 1363 est,

512 1404 850 1479 tantopere
894 1397 1173 1478 respicit.
1266 1396 1450 1473 Quod
1495 1402 1708 1461 autem
1753 1396 1935 1461 Liers
1980 1402 2172 1476 putat
2215 1401 2440 1473 artem,
2486 1412 2649 1476 quae

467 1509 576 1573 ·in
639 1508 994 1575 elocutione
1058 1507 1550 1575 Demosthenica
1607 1508 1796 1589 insit,
1873 1507 2195 1589 prioribus
2252 1506 2648 1587 temporibus

516 1639 637 1686 non
682 1640 821 1687 esse
865 1621 1396 1698 animadversam,
1457 1626 1521 1685 et
1567 1620 1735 1685 hanc
1793 1619 1874 1685 ob
1937 1638 2193 1685 causam
2240 1618 2649 1685 Aristotelem

515 1731 964 1799 Demosthenis
995 1734 1307 1798 rationem
1353 1731 1590 1796 nullam
1636 1729 1962 1813 habuisse,
2007 1730 2077 1795 id
2108 1749 2371 1811 prorsus
2414 1729 2648 1797 falsum

514 1850 629 1910 est.
733 1846 897 1911 Nam
919 1895 934 1925 ‚
998 1850 1071 1909 ut
1128 1862 1251 1908 non
1313 1843 1520 1908 dicam
1584 1843 1692 1908 vix
1748 1860 1936 1922 posse
1995 1842 2280 1923 intellegi
2338 1843 2651 1924 quomodo

515 1954 802 2021 homines
846 1955 1068 2038 fugere
1105 1955 1389 2035 potuerit
1431 1954 1849 2020 elocutionem
1883 1952 2439 2020 Demosthenicam
2485 1954 2649 2019 artis
2702 1936 2718 1959 ‘

515 2067 768 2149 plenam
830 2086 988 2147 esse,
1046 2068 1174 2133 iam
1220 2066 1569 2132 Aeschines
1627 2065 1792 2132 hanc
1856 2072 2059 2131 artem
2106 2067 2330 2146 sensit,
2390 2064 2465 2131 cf.
2512 2066 2649 2131 eius

516 2186 679 2245 orat.
723 2179 784 2261 2,
820 2189 855 2240 4
923 2174 1303 2265 ,ἐφοβήθην
1336 2227 1545 2243 .....
1589 2173 1682 2264 μή
1724 2200 1894 2254 τινες
1935 2172 2116 2261 ὑμῶν
2160 2169 2524 2263 ἀγνοήσωσί
2567 2199 2651 2257 με

518 2286 1104 2375 ψυχαγωγηθέντες
1177 2292 1322 2368 τοῖς
1385 2286 2032 2374 ἐπιβεβουλευμένοις
2104 2287 2219 2355 καὶ
2287 2283 2649 2377 κακοήθεσι

513 2398 767 2478 τούτοις
813 2394 1228 2478 ἇντιθέτοις“
1274 2409 1340 2468 et
1384 2403 1443 2483 3,
1480 2411 1600 2464 229
1647 2396 1845 2483 ,ὅταν
1890 2394 1955 2466 δ’
2008 2399 2081 2482 ἐξ
2113 2394 2451 2486 ὀνομάτων
2496 2422 2649 2485 συγ-

515 2509 808 2597 κείμενος
852 2508 1234 2601 ὄῖνθρωπος,
1279 2513 1394 2579 καὶ
1439 2509 1681 2580 τούτων
1710 2515 1964 2601 πικρῶν
2006 2513 2120 2579 καὶ
2165 2512 2649 2601 περιέργων,

519 2618 748 2689 ἔπειτα
794 2621 911 2690 ἐπὶ
954 2623 1067 2713 τὴν
1113 2620 1451 2713 ἁπλότητα
1495 2623 1608 2690 καὶ
1649 2625 1733 2691 τὰ
1788 2621 1942 2713 ἔργα
1988 2621 2381 2715 καταφεύγῃ,
2425 2623 2528 2703 τίς
2570 2619 2652 2690 ἂν

521 2728 951 2819 ἆνάσχοιτο;“
1008 2738 1229 2821 Neque
1275 2738 1538 2804 dubium
1583 2757 1726 2805 esse
1770 2738 1927 2803 mihi
1979 2739 2249 2819 videtur,
2296 2740 2449 2820 quin
2494 2739 2651 2803 haec

521 2867 626 2914 ars
691 2849 838 2930 ipsa
905 2850 1244 2916 Aristoteli
1311 2851 1741 2932 displicuerit,
1810 2850 2109 2932 quoniam
2180 2870 2317 2915 eam
2390 2852 2473 2914 ad
2540 2869 2650 2915 eas

519 2961 840 3027 orationes
911 2980 1075 3043 quae
1136 2963 1439 3027 dicuntur
1508 2981 1630 3026 non
1697 2963 2029 3027 convenire
2104 2963 2307 3028 docet.
2428 2961 2648 3043 Ipsum

519 3078 733 3137 autem
811 3072 1204 3139 Demetrium
1278 3073 1436 3139 bene
1507 3074 1875 3155 cognovisse
1944 3073 2432 3138 Demosthenem
2510 3079 2651 3138 arte

520 3203 700 3249 usum
748 3202 890 3250 esse
947 3185 1010 3248 in
1059 3185 1412 3250 elocutione
1471 3186 1620 3250 inde
1676 3189 1979 3268 apparet,
2042 3186 2210 3266 quod
2255 3185 2493 3250 multas
2554 3185 2649 3249 di-

520 3297 761 3362 ctiones
794 3294 1272 3362 artificiosiores
1300 3296 1606 3378 exemplis
1635 3315 1712 3360 ex
1748 3295 1921 3361 illius
1946 3296 2342 3362 orationibus
2372 3299 2648 3378 sumptis

518 3407 823 3488 illustrat,
885 3412 957 3472 ut
1000 3404 1242 3489 figuras
1307 3408 1384 3490 ἐξ
1429 3407 1773 3473 263-270
1834 3414 1898 3472 et
1958 3427 2068 3473 eas
2130 3409 2442 3474 dictiones
2487 3428 2651 3491 quae

518 3519 710 3584 etiam
755 3519 818 3583 in
851 3537 1082 3601 genere
1126 3518 1384 3584 sublimi
1427 3518 1633 3585 locum
1682 3518 1924 3586 habent
1968 3520 2045 3601 ἐξ
2075 3519 2202 3584 272
2234 3538 2365 3601 seq.
2432 3519 2652 3601 Neque

517 3630 717 3713 igitur
773 3650 813 3695 a
878 3649 1110 3713 genere
1152 3630 1512 3696 vehementi
1573 3638 1775 3696 artem
1822 3633 2073 3696 omnino
2134 3631 2477 3696 abhorrere
2523 3631 2648 3696 De-

520 3743 784 3808 metrius
829 3743 1032 3821 docet,
1091 3743 1208 3808 sed
1271 3747 1518 3807 tantum
1588 3750 1787 3808 artem
1835 3744 2127 3822 nimiam;
2192 3762 2393 3824 neque
2451 3744 2511 3809 in
2579 3763 2652 3808 eo

519 3848 790 3919 maxime
834 3854 1049 3919 valere
1077 3862 1374 3919 naturam
1419 3857 1647 3937 ipsam,
1694 3855 1808 3920 sed
1838 3861 2109 3920 naturae
2140 3858 2432 3936 speciem.
2510 3855 2651 3932 Qua

517 3968 580 4031 in
631 3985 700 4031 re
744 3985 1009 4048 prorsus
1042 3968 1360 4031 consentit
1405 3985 1544 4032 cum
1587 3966 1893 4049 Dionysio
1924 3966 2127 4031 Halic.
2176 3972 2243 4031 et
2278 3967 2651 4048 posteriori-
