3309 4675
1424 265 1845 332 -23-

738 439 971 504 Modus
1015 443 1233 506 autem
1279 438 1553 519 dicendi,
1605 457 1733 520 quo
1794 458 1957 503 unus
2001 438 2231 522 aliquis
2274 438 2498 519 utitur,
2557 456 2699 503 cum

563 553 656 617 ita
699 551 1179 617 accuratissime
1224 550 1654 631 describatur,
1715 555 1789 614 ut
1832 550 1971 615 eius
2015 550 2361 633 qualitates
2405 568 2698 615 enarren-

564 668 687 743 tur,
731 662 850 728 hoc
895 668 1074 727 certa
1103 662 1377 746 quadam
1421 662 1671 727 ratione
1712 660 1991 727 faciendi
2035 660 2147 726 illa
2177 660 2490 742 doctrina,
2538 680 2700 744 quae

565 778 664 839 est
728 774 809 839 de
868 772 1215 839 virtutibus
1280 773 1675 854 elocutionis,
1736 771 2110 839 facultatem
2170 770 2373 839 affert.
2473 773 2701 854 Itaque

563 885 908 967 Dionysius
990 887 1244 967 saepius
1309 885 1705 968 singulorum
1764 890 2099 950 auctorum
2159 885 2385 950 modos
2448 884 2701 950 dicendi

561 998 656 1061 ita
700 995 1024 1077 describit,
1070 1004 1144 1063 ut
1186 998 1416 1062 doceat
1432 1049 1448 1079 ,
1509 1016 1673 1080 quae
1716 997 1989 1062 virtutes
2050 997 2114 1060 in
2160 998 2351 1061 unius
2395 998 2701 1080 cuiusque

562 1108 919 1174 elocutione
961 1108 1177 1189 insint,
1223 1127 1389 1191 quae
1449 1110 1510 1174 ei
1554 1109 1789 1189 desint,
1850 1109 2171 1174 interdum
2235 1108 2427 1173 etiam
2471 1108 2699 1191 quibus

561 1218 752 1287 rebus
795 1219 1034 1286 factum
1080 1221 1168 1286 sit
1211 1225 1286 1285 ut
1327 1220 1448 1286 hae
1492 1221 1741 1300 desint;
1803 1220 1881 1287 cf.
1928 1220 2026 1287 De
2068 1218 2269 1302 Lysia
2312 1220 2557 1303 2-14,
2602 1221 2700 1287 De

522 1333 756 1398 .Isocr.
802 1332 863 1396 2.
909 1332 971 1410 3,
1031 1333 1134 1397 Ad
1193 1331 1303 1397 Cn.
1361 1331 1581 1413 Pomp.
1631 1332 1672 1395 3
1730 1332 1880 1398 inde
1939 1352 1980 1396 a
2038 1351 2098 1413 p.
2135 1330 2354 1419 775‚5.
2456 1332 2699 1399 Eadem

560 1442 697 1510 fere
742 1443 990 1509 ratione
1057 1462 1213 1509 usus
1259 1448 1360 1509 est
1401 1443 1839 1525 Hermogenes
1900 1443 1965 1508 in
2010 1443 2511 1509 clarissimorum
2557 1463 2699 1509 ora-

556 1554 752 1621 tionis
796 1555 1117 1636 pedestris
1161 1560 1495 1621 auctorum
1558 1556 1767 1621 modis
1826 1554 2079 1620 dicendi
2122 1553 2536 1637 explicandis,
2578 1554 2699 1621 Rh-

560 1664 669 1731 Gr.
717 1666 826 1748 Sp.
859 1666 926 1731 II
970 1687 1030 1749 p.
1063 1666 1578 1748 410,21—424,
1599 1674 1659 1730 9.

728 1855 765 1937 ξ
814 1856 914 1923 10.
1002 1856 1248 1921 Harum
1306 1856 1620 1921 virtutum
1666 1855 2045 1922 elocutionis
2105 1856 2172 1919 in
2215 1855 2557 1938 generibus
2601 1855 2699 1920 di-

555 1968 742 2033 cendi
799 1967 1216 2035 instituendis
1287 1986 1412 2032 non
1486 1967 1766 2031 omnium
1828 1967 1997 2031 ratio
2059 1964 2283 2033 haberi
2339 1970 2559 2048 potest
2619 2004 2698 2011 —

555 2080 780 2161 ingens
825 2080 996 2146 enim
1040 2097 1347 2161 generum
1375 2096 1679 2145 numerus
1709 2076 1894 2144 fieret
1938 2113 2017 2121 —
2066 2079 2181 2143 sed
2208 2077 2553 2144 nonnullae
2596 2066 2697 2144 vel

559 2192 875 2274 plurimae
918 2193 986 2257 in
1030 2192 1149 2257 hac
1196 2192 1452 2274 quidem
1495 2210 1567 2256 re
1598 2190 2029 2272 neglegendae
2074 2196 2241 2255 sunt.
2336 2192 2547 2272 Atque
2591 2191 2699 2273 qui

556 2304 823 2387 primus,
868 2308 943 2369 ut
970 2304 1244 2384 videtur,
1290 2320 1526 2385 genera
1557 2302 1813 2368 dicendi
1844 2302 2145 2385 instituit,
2194 2302 2699 2385 Theophrastus,

555 2417 747 2482 unius
805 2421 1059 2482 tantum
1118 2417 1434 2481 rationem
1497 2413 1742 2496 habuit,
1800 2418 2069 2480 ornatus
2131 2405 2370 2496 (ὄγκου,
2414 2411 2699 2498 μεγαλο-

559 2522 945 2612 πρεπείας);
993 2529 1210 2610 itaque
1254 2528 1414 2594 haec
1458 2527 1587 2593 tria
1627 2545 1866 2609 genera
1896 2526 2226 2593 distinxit:
2272 2525 2700 2593 elocutionem

560 2646 793 2704 ornatu
838 2646 1157 2706 carentem
1173 2690 1188 2719 ,
1254 2659 1294 2704 a
1355 2657 1646 2705 sermone
1706 2637 2027 2703 cotidiano
2091 2656 2217 2702 non
2266 2635 2697 2718 differentem;

559 2751 830 2816 alteram
875 2749 970 2816 illi
1015 2752 1423 2832 contrariam,
1469 2751 1763 2831 poeticae
1812 2747 2178 2830 finitimam3
2225 2750 2485 2815 tertiam
2530 2749 2699 2816 inter

555 2861 676 2928 has
735 2863 1029 2928 mediam.
1156 2863 1340 2940 Quod
1394 2861 1670 2928 maxime
1730 2861 2141 2943 perspicuum
2202 2859 2280 2926 fit
2350 2859 2479 2926 illis
2538 2858 2697 2928 locis

557 2973 982 3056 AristoteleiS,
1029 2975 1256 3057 quibus
1300 2974 1630 3039 doctrinae
1662 2972 2182 3053 Theophrasteae
2212 2972 2597 3053 principium
2630 2977 2698 3038 et

559 3085 870 3167 originem
916 3085 1226 3151 contineri
1277 3085 1316 3166 ἓ
1361 3084 1399 3148 8
1445 3085 1596 3149 dixi.
1686 3086 1910 3167 Neque
1954 3085 2126 3166 apud
2168 3083 2544 3166 Dionysium
2590 3103 2696 3150 res

558 3196 749 3262 aliter
776 3196 988 3263 habet.
1049 3197 1115 3263 Is
1139 3197 1309 3263 enim
1339 3196 1762 3262 elocutionem
1794 3196 2183 3260 Isocrateam
2215 3201 2282 3261 et
2300 3195 2695 3260 Platonicam

561 3314 628 3374 et
670 3308 1202 3376 Demosthenicae
1257 3314 1504 3389 partem
1551 3309 1871 3391 quandam
1930 3309 1995 3372 in
2040 3327 2167 3372 uno
2212 3325 2467 3388 genere·
2486 3307 2695 3372 medio

560 3419 769 3500 ducit;
832 3438 996 3502 quae
1038 3426 1174 3487 tres
1219 3419 1608 3486 elocutiones
1668 3438 1811 3485 cum
1855 3419 2123 3484 multum
2186 3419 2356 3486 inter
2398 3437 2470 3484 se
2514 3417 2694 3484 diffe-

558 3535 740 3612 runt,
786 3537 923 3596 tum
981 3533 1119 3613 ipse
1163 3531 1509 3616 Dionysius
1554 3550 1698 3599 eam
1755 3529 2024 3596 formam
2070 3529 2467 3612 elocutionis,
2526 3548 2695 3612 quae

558 3696 706 3756 locis
755 3697 968 3774 positu..
1059 3696 1278 3775 (Quam
1328 3696 1393 3754 in
1438 3715 1564 3755 rem
1607 3695 2047 3755 accuratissime
2112 3693 2430 3774 inquisivit
2475 3695 2691 3753 Baum-

560 3804 694 3873 gart
735 3798 875 3858 libri
931 3818 980 3858 c.
1024 3799 1069 3859 i.
1115 3798 1322 3860 Aelius
1369 3797 1661 3858 Aristides
1718 3798 1805 3856 als
1850 3797 2293 3876 Reprasentant
2336 3797 2441 3855 der
2486 3797 2690 3874 sophi-

560 3901 822 3964 stisehen
868 3901 1164 3963 Rhetorik
1209 3901 1402 3979 eapite
1447 3899 1705 3978 ultimo.)
