3309 4675
1381 287 1808 353 —21-

533 459 798 540 toribuS,
847 460 957 542 qui
1002 460 1132 525 tria
1175 479 1411 541 genera
1467 466 1925 543 tractaverunt,
1983 463 2269 528 nonnulli
2314 464 2669 530 docuerunt

530 571 642 636 uni
687 572 917 654 cuique
960 573 1181 654 generi
1225 572 1542 653 probabili
1586 580 1891 655 agnatum
1938 594 2079 641 esse
2122 594 2321 657 genus
2365 576 2667 641 vitiosum

531 682 634 763 (ut
694 681 1068 749 Cornificius
1113 684 1223 766 IV,
1256 690 1349 748 15.
1401 690 1513 765 16;
1577 684 1799 750 Cicero
1865 690 1931 751 et
1996 686 2339 769 Dionysius
2400 689 2482 752 de
2547 686 2666 752 hac

530 812 602 859 re
647 792 886 878 silent).
978 794 1120 861 Hoc
1161 801 1376 860 utrum
1416 795 1897 879 Theophrastus
1941 799 2068 863 iam
2112 799 2406 864 docuerit
2447 817 2665 878 necne,

529 905 830 971 nescitur.

699 1018 1082 1084 Addendum
1144 1024 1247 1085 est
1303 1020 1660 1085 doctrinam
1725 1018 2270 1101 Theophrasteam
2289 1072 2306 1103 ‚
2365 1025 2442 1085 ut
2499 1022 2665 1087 inter

531 1148 748 1195 omnes
812 1131 897 1195 ad
951 1150 1190 1212 genera
1247 1132 1502 1197 dicendi
1559 1133 1957 1213 pertinentes
2016 1132 2460 1215 antiquissima
2522 1132 2664 1213 fuit,

528 1242 622 1306 ita
667 1260 742 1307 ex
773 1242 1064 1307 omnibus
1095 1262 1288 1310 unam
1333 1251 1407 1309 ut
1438 1245 1693 1310 videtur
1722 1243 2161 1326 pervulgatam
2208 1262 2385 1324 esse;
2426 1245 2663 1328 itaque,

528 1358 872 1436 postquam
935 1354 1100 1421 aliae
1163 1374 1204 1419 a
1263 1355 1624 1422 rhetoribus
1689 1356 2086 1439 excogitatae
2130 1361 2196 1422 et
2256 1354 2429 1421 foras
2473 1356 2665 1422 datae

529 1469 700 1545 sunt,
762 1465 828 1529 in
875 1484 997 1531 usu
1039 1468 1284 1533 versari
1328 1487 1454 1533 non
1499 1467 1713 1546 desiit,
1776 1467 1893 1533 sed
1937 1469 2131 1534 etiam
2176 1460 2293 1549 per
2338 1468 2665 1550 complura

528 1582 674 1658 post
719 1575 866 1642 Chr.
913 1596 972 1643 n.
1019 1579 1278 1646 saecula
1321 1579 1496 1661 apud
1551 1578 1786 1644 multos
1842 1578 2076 1659 valuit,
2143 1578 2220 1644 cf.
2268 1579 2452 1645 Liers
2512 1578 2662 1645 Stil-

530 1694 713 1755 arten
755 1709 818 1771 p.
852 1688 994 1755 704.

697 1912 735 1994 ξ
781 1912 838 1978 9.
931 1912 1070 1993 Age
1113 1914 1277 1978 hanc
1321 1912 1677 1977 doctrinam
1723 1910 2662 1995 Theophrasto-Dionysianam

527 2044 670 2091 cum
729 2024 1147 2090 Demetriana
1205 2042 1664 2105 comparemus.
1770 2024 1848 2088 Id
1913 2024 2021 2105 qui
2082 2024 2293 2089 adhuc
2357 2022 2663 2104 fecerunt,

526 2155 753 2219 parum
798 2141 1096 2202 accurate
1141 2155 1275 2202 rem
1305 2140 1761 2202 tractaverunt.
1853 2135 1945 2201 Ut
1988 2136 2153 2200 enim
2191 2140 2367 2201 recte
2413 2134 2661 2201 intelle-

526 2268 752 2332 gamus
811 2266 975 2331 quae
1039 2248 1173 2313 sint
1215 2248 1585 2314 discrimina
1644 2249 1814 2313 inter
1857 2246 2003 2312 illas
2048 2248 2397 2327 doctrinae,
2455 2248 2662 2329 inqui-

526 2364 793 2428 rendum
839 2366 939 2426 est
996 2380 1160 2443 quae
1222 2361 1309 2426 sit
1351 2362 1685 2443 utriusque
1747 2361 1943 2441 rati03
2010 2360 2183 2443 quod
2226 2378 2411 2426 nemo
2454 2360 2663 2424 adhuc

527 2473 696 2540 fecit.
789 2473 928 2539 Hoc
975 2478 1188 2539 autem
1235 2491 1311 2538 eo
1356 2473 1543 2537 modo
1588 2471 1890 2538 facillime
1922 2489 2397 2554 cognoscemuS‚
2442 2477 2515 2536 ut
2557 2491 2659 2537 re-

527 2585 874 2666 spiciamus
933 2603 1010 2650 ea
1076 2604 1238 2667 quae
1297 2585 1591 2650 rhetores
1650 2584 1732 2649 de
1793 2584 2170 2650 elocutionis
2235 2574 2502 2664 ἀρεταῖς
2559 2583 2660 2648 vel

528 2690 736 2771 ἰδέαις
779 2697 1152 2763 docuerunt.
1245 2697 1388 2774 Qua
1431 2697 1512 2763 de
1554 2715 1626 2762 re
1669 2694 1953 2762 breviter
1995 2713 2163 2760 nunc
2207 2714 2548 2776 exponam,
2593 2695 2658 2760 in

527 2809 886 2873 universum
930 2808 1248 2874 Liersium
1293 2813 1552 2875 secutus
1571 2860 1588 2889 ,
1652 2809 1760 2890 qui
1817 2809 1885 2874 in
1947 2825 2086 2872 eam
2131 2807 2661 2873 commentatione

528 2921 629 2985 cui
694 2920 1025 3002 inscripsit
1089 2921 1259 3004 „Zur
1315 2919 1701 2986 Geschichte
1762 2921 1877 2986 der
1934 2919 2371 2986 rhetorischen
2430 2919 2658 2984 Ideen-

525 3030 741 3099 lehre“
810 3031 1233 3113 (Fleckeiseni
1290 3031 1518 3097 Annal.
1563 3031 1780 3113 philol.
1845 3032 1967 3096 vol.
2019 3031 2138 3095 131
2184 3050 2245 3112 p.
2277 3029 2402 3096 577
2451 3031 2656 3114 seqq.)

524 3144 767 3225 primus
811 3145 1176 3209 accuratius
1236 3150 1304 3210 et
1345 3145 1586 3226 optimo
1646 3162 1790 3210 cum
1832 3142 2046 3209 fructu
2100 3143 2451 3225 inquisivit,
2514 3162 2656 3208 cum

525 3261 716 3321 antea
759 3257 944 3323 ideae
998 3275 1079 3321 ne
1136 3260 1310 3322 recte
1353 3258 1869 3322 discernerentur
1924 3256 2181 3338 quidem
2226 3274 2265 3319 a
2322 3254 2658 3337 generibus

525 3367 795 3434 dicendi.

698 3479 797 3544 Ab
841 3479 1194 3544 Aristotele
1259 3479 1325 3543 in
1370 3478 1558 3545 Rhet.
1603 3477 1704 3542 III
1760 3478 1883 3544 hae
1941 3478 2215 3543 virtutes
2277 3477 2655 3542 elocutionis

523 3596 918 3658 tractantur:
965 3583 1334 3674 ἑλληνίζειν,
1398 3611 1523 3674 quo
1567 3592 1819 3655 nomine
1880 3595 1945 3656 et
1987 3590 2239 3671 puritas
2296 3594 2365 3654 et
2408 3588 2655 3669 perspi-

525 3690 735 3768 cuitas
780 3704 1090 3768 sermonis
1136 3703 1780 3784 comprehenduntur,
1841 3719 1890 3766 c.
1936 3700 2012 3783 53
2072 3693 2265 3782 ὄγκος
2320 3705 2385 3765 et
2427 3718 2657 3762 συντο-

523 3809 664 3897 μία,
712 3833 763 3880 c.
809 3814 883 3896 63
944 3810 1021 3878 τὸ
1067 3809 1346 3900 πρέπον,
1405 3834 1531 3896 quo
1577 3813 2203 3894 comprehenduntur
2259 3808 2337 3874 τὸ
2398 3802 2653 3899 ἠθικὸν,

524 3925 600 3993 τὸ
643 3921 1039 4014 παθητικὸν,
1085 3922 1163 3991 τὸ
1209 3926 1352 4002 τοῖς
1395 3919 1856 4009 ὑποκειμένοις
1901 3919 2284 4010 πράγμασιν
2314 3915 2650 4006 ἀνάλογον,
