3309 4675
1509 282 1932 350 ..34-

649 454 965 537 quomodo
1027 454 1232 537 ipsius
1277 456 1528 522 animus
1589 466 2063 525 commoveatur
2105 461 2502 529 orationibus
2544 464 2779 531 Demo-

650 565 954 632 sthenicis
983 567 1289 649 legendiS‚
1335 569 1453 633 hoc
1497 571 1685 634 modo
1718 573 2005 653 exponit:
2054 565 2252 651 ,,ὅταν
2297 570 2371 637 δὲ
2416 572 2775 660 Δημοσθέ-

648 700 797 755 νους
839 675 984 743 τινα
1046 673 1234 760 λάβω
1295 674 1520 763 λόγων,
1581 673 1923 745 ἐνθουσιῶ
1967 704 2037 745 τε
2094 680 2207 748 καὶ
2266 682 2453 767 δεῦρο
2512 678 2778 751 κάκεῖσε

645 782 910 875 ἄγομαι,
957 786 1189 868 πάθος
1231 784 1450 876 ἕτερον
1494 787 1569 871 ἐξ
1613 784 1836 877 ἑτέρου
1864 789 2400 878 μεταλαμβάνων,
2448 789 2776 880 ἀπιστῶν,

649 897 958 988 ἀγωνιῶν,
1024 899 1273 981 δεδιώς,
1318 903 1764 989 καταφρονῶν,
1811 908 2040 988 μισῶν,
2104 903 2319 987 ἐλεῶν,
2363 900 2614 989 εὐνοῶν,
2661 902 2778 992 ὀρ-

607 1038 616 1045 ·
646 1011 1003 1101 γιζόμενος,
1051 1017 1339 1101 φθονῶν,
1388 1010 1651 1079 ἅπαντα
1701 1013 1788 1080 τὰ
1832 1012 2025 1103 πάθη
2066 1013 2603 1103 μεταλαμβάνων,
2648 1014 2777 1086 ὅσα

643 1130 909 1211 κρατεῖν
972 1122 1263 1212 πέφυκεν
1284 1127 1388 1210 ²⁰)
1452 1118 1881 1213 ἀνθρωπίνης
1943 1123 2229 1214 γνώμης·
2314 1128 2648 1218 διαφέρειν
2719 1124 2772 1198 τ’

647 1233 834 1306 οὐδὲν
879 1238 1140 1325 ἐμαυτῷ
1185 1236 1361 1303 δοκῶ
1418 1240 1546 1302 τῶν
1601 1236 1686 1303 τοὶ
1730 1242 1997 1325 μητρῷα
2054 1237 2167 1305 καὶ
2208 1238 2289 1306 τὰ
2335 1241 2774 1329 κορυβαντικὰ

643 1350 755 1417 καὶ
799 1347 925 1417 ὅσα
968 1346 1226 1427 τούτοις
1269 1345 1711 1438 παραπλήσιά
1754 1347 1913 1433 ἐστι,
1960 1349 2415 1437 τελουμένων.“
2500 1358 2578 1422 In
2608 1356 2774 1422 libro

644 1467 753 1549 qui
788 1469 890 1531 est
931 1466 1014 1530 de
1043 1463 1368 1529 Dinarcho
1398 1462 1747 1546 Dionysius
1792 1466 1980 1530 docet
2006 1463 2311 1532 Dinarchi
2356 1466 2778 1535 elocutionem

643 1596 835 1659 saepe
865 1575 1398 1643 Demosthenicae
1427 1575 1774 1640 admodum
1806 1577 2079 1642 similem
2114 1596 2274 1658 esse,
2319 1598 2527 1661 neque
2556 1585 2773 1646 tamen

642 1708 923 1771 unquam
970 1690 1130 1753 adeo
1190 1693 1264 1753 ut
1306 1687 1386 1752 ab
1449 1706 1528 1753 ea
1587 1687 1865 1753 discerni
1920 1706 2046 1753 non
2091 1690 2331 1771 possit,
2396 1708 2540 1756 cum
2582 1692 2773 1758 huius

642 1800 918 1866 virtutes
977 1800 1292 1882 quaedam
1348 1799 1649 1879 propriae
1708 1800 1841 1863 sint
1898 1799 2130 1881 quibus
2186 1799 2297 1866 illa
2342 1807 2595 1883 careat3
2653 1803 2777 1870 hae

642 1931 808 1995 quae
837 1912 968 1977 sint
995 1910 1098 1975 his
1126 1909 1340 1976 verbis
1383 1908 1704 1993 significat
1733 1910 1773 1973 6
1817 1929 1877 1992 p.
1910 1909 2034 1975 641
2069 1911 2222 1977 ult.:
2268 1906 2347 1991 „5
2393 1910 2467 1977 δὲ
2507 1909 2776 1990 τούτους

641 2004 712 2087 τε
755 2020 870 2086 καὶ
928 2018 1078 2097 τοὺς
1135 2016 1378 2097 ἄλλους
1421 2019 1678 2097 πάντας
1737 2016 2269 2106 ὑπερβαλόμενος
2313 2020 2768 2111 Δημοσθένης,

644 2128 908 2199 ἅπαντα
951 2126 1400 2217 μιμησάμενος
1442 2130 1555 2196 καὶ
1600 2128 1867 2197 πάντων
1928 2130 2013 2197 τὰ
2054 2128 2374 2198 κάλλιστα
2420 2132 2771 2221 ἐκλεξάμε-

643 2269 771 2326 νος,
817 2244 1012 2331 δῆλος
1053 2242 1174 2327 μὲν
1216 2242 1330 2308 καὶ
1371 2246 1450 2329 τῇ
1481 2247 1665 2332 φωνῇ
1707 2239 1928 2328 μόνον,
1974 2242 2169 2321 δῗλος
2211 2242 2285 2310 δὲ
2329 2244 2444 2311 καὶ
2489 2247 2583 2334 τῷ
2609 2240 2774 2312 καθ’

644 2355 756 2422 ἕνα
801 2353 1076 2422 ἕκαστον
1134 2351 1325 2439 λόγον
1369 2354 1716 2441 πρέποντι,
1778 2349 1851 2421 οὗ
1911 2354 2039 2443 μὴν
2099 2349 2269 2421 ἀλλὰ
2325 2357 2438 2422 καὶ
2503 2361 2581 2446 τῇ
2626 2379 2777 2424 συν-

640 2468 829 2534 θέσει
895 2466 1009 2533 καὶ
1073 2467 1166 2554 τῷ
1232 2471 1362 2531 τῶν
1419 2470 1883 2553 σχηματισμῶν
1952 2460 2209 2553 ἀγκύλῳ
2270 2467 2383 2533 καὶ
2456 2469 2535 2557 τῇ
2596 2467 2781 2536 οἶκο-

645 2576 842 2666 νομίᾳ
879 2577 991 2645 καὶ
1037 2579 1132 2664 τῷ
1181 2575 1395 2644 πάθει
1438 2577 1553 2643 καὶ
1594 2576 1673 2644 τὸ
1703 2576 2013 2663 μέγιστον
2054 2583 2135 2667 τῇ
2177 2577 2556 2666 δεινότητι.“
2643 2585 2776 2649 Ita-

643 2712 766 2775 que
833 2692 868 2753 7
933 2711 994 2774 p.
1040 2691 1186 2773 643,
1224 2698 1299 2752 14
1361 2692 1517 2758 haec
1581 2692 1742 2758 dicit
1793 2694 1875 2758 de
1934 2693 2337 2759 orationibus
2384 2713 2551 2776 quae
2609 2695 2780 2761 inter

644 2803 1040 2869 Dinarcheas
1076 2805 1446 2869 tradantur:
1493 2798 1650 2882 »ἐὰν
1691 2801 1813 2885 μὲν
1839 2799 1950 2866 καὶ
1994 2797 2031 2890 ἡ
2075 2805 2190 2890 τῆς
2219 2801 2463 2885 λέξεως
2490 2804 2774 2889 μεγαλο-

641 2912 935 2999 πρέπεια
978 2910 1093 2977 καὶ
1150 2908 1190 3000 ἣ
1230 2915 1346 3000 τῆς
1390 2911 1765 2990 συνθέσεως
1807 2912 2131 3002 ἐξαλλαγὴ
2184 2913 2298 2980 καὶ
2341 2915 2417 2980 τὸ
2462 2917 2591 2981 τῶν
2638 2941 2777 2982 πα·-

641 3028 788 3089 θῶν
831 3019 1132 3110 ἔμψυχον
1190 3021 1304 3089 καὶ
1360 3023 1438 3089 τό
1482 3023 1594 3088 διὰ
1661 3020 1883 3110 πάσης
1942 3022 2207 3108 κεραίας
2266 3025 2489 3114 διῆκον
2532 3026 2776 3111 πικρὸν

641 3135 756 3202 καὶ
798 3134 1082 3223 φοβερὸν
1103 3137 1209 3220 ²1)
1254 3131 1332 3200 τό
1375 3158 1444 3200 τε
1490 3135 1752 3220 πνεῦμα
1794 3134 1905 3201 καὶ
1950 3131 1989 3224 ἡ
2035 3133 2324 3224 δεινότης
2354 3141 2527 3204 πᾶσι
2571 3137 2777 3226 παρέ-

642 3271 874 3334 πηται,
919 3246 1134 3334 μηθὲν
1177 3241 1276 3314 ἔτι
1319 3247 1396 3313 τὸ
1426 3243 1675 3314 κωλύον
1718 3243 1889 3313 ἔστω
1932 3247 2026 3334 (ἐν
2069 3248 2237 3337 τοῖς)
2257 3254 2283 3292 ¹
2301 3251 2368 3333 ²)
2415 3247 2770 3336 Δημοσθέ-

815 3433 922 3509 20)
967 3433 1102 3492 Hoc
1143 3433 1396 3492 verbum
1438 3433 1501 3491 in
1549 3432 1851 3493 codicibus
1898 3437 2104 3492 extare
2150 3433 2323 3493 docet
2366 3434 2436 3492 L.
2482 3431 2666 3493 Sadee
2708 3434 2773 3491 in

641 3535 1139 3594 commentatione
1183 3555 1235 3594 c.
1278 3535 1319 3595 i.
1365 3535 1455 3593 De
1503 3535 1778 3614 Dionysii
1825 3535 2019 3594 Halic.
2065 3535 2302 3611 scriptis
2345 3535 2566 3594 rhetor.
2612 3536 2773 3614 (Dis-

642 3644 780 3697 sert.
826 3640 1148 3712 Argentor.
1194 3636 1286 3715 ΙΙ)
1330 3657 1390 3714 p.
1421 3639 1523 3697 97.

815 3740 921 3816 21)
968 3733 1186 3818 νοερόν
1229 3740 1499 3814 traditur,
1545 3740 1811 3799 correxit
1850 3737 2037 3800 Sadee
2081 3739 2121 3800 l.
2166 3740 2205 3799 l.

794 3846 924 3919 ⁴22)
966 3843 1216 3902 Addidit
1245 3842 1431 3901 Sadee
1474 3843 1540 3900 in
1572 3842 1949 3902 Fleckeiseni
1993 3842 2209 3902 Annal.
2242 3840 2452 3918 philol.
2495 3841 2618 3902 vol.
2654 3842 2767 3900 127

641 3964 699 4023 p.
731 3948 877 4006 413.
