3309 4675
1401 329 1483 341 ..-
1580 292 1662 359 19
1748 328 1832 343 ....

541 465 862 549 reperitur
905 467 1077 548 apud
1121 463 1531 532 Cornificium
1576 464 1689 547 IV,
1718 472 1747 527 1
1765 473 1917 527 1—1
1930 476 1965 527 6
1990 468 2052 549 ⁹)
2096 471 2163 533 et
2207 467 2379 549 apud
2425 464 2679 531 Cicero-

543 598 690 645 nem
734 579 802 645 in
831 579 1126 644 Oratoris
1171 578 1250 660 ἓξ
1279 577 1554 643 20-23,
1587 578 1623 641 7
1628 578 1901 644 5-100,
1989 578 2141 644 Tria
2184 582 2402 644 autem
2444 597 2681 661 genera

543 690 656 755 illa
699 691 827 755 iam
859 689 1361 771 Theophrastus,
1406 690 1775 754 Aristotelis
1822 690 2097 772 auditor,
2143 689 2463 771 exhibuit3
2509 691 2681 773 quod

542 802 950 882 cognoscitur
981 820 1057 866 ex
1087 801 1188 866 his
1218 800 1510 883 Dionysii
1539 800 1755 866 verbis
1783 800 1881 866 De
1910 800 2236 867 Demosth.
2270 801 2311 867 3
2341 822 2403 884 p.
2429 802 2575 881 958,
2605 809 2679 863 13

545 906 769 998 ,,τρι’τη
813 909 1051 993 λέξεως
1097 907 1288 997 (ἰδέα)
1315 910 1419 994 10)
1481 902 1556 997 ἦν
1603 905 1642 997 ἡ
1700 905 1900 997 μικτή
1954 933 2026 975 τε
2087 908 2199 976 καὶ
2246 907 2565 989 σύνθετος
2610 908 2684 975 ἐκ

545 1018 791 1089 τούτων
850 1027 979 1087 τῶν
1039 1022 1250 1087 δυεῖν·
1316 1011 1392 1110 ἣν
1452 1016 1488 1086 ὁ
1547 1020 1669 1104 μὲν
1730 1025 1995 1111 πρῶτος
2053 1016 2513 1110 ἁρμοσάμενος
2569 1020 2683 1087 καὶ

547 1128 967 1222 καταστήσας
1009 1130 1105 1211 εἷς
1148 1132 1260 1199 τὸν
1303 1135 1413 1197 νῦν
1471 1128 1851 1217 ὑπάρχοντα
1906 1128 2171 1219 κόσμον,
2234 1129 2367 1200 εἴτε
2418 1130 2681 1222 Θρασύ-

507 1334 513 1342 ,
550 1268 760 1331 μαχος
826 1241 862 1311 ὁ
924 1241 1376 1331 Χαλκηδόνιος
1437 1235 1510 1333 ἦν
1529 1295 1545 1326 ,
1606 1240 1651 1309 (ἱ
1664 1268 1697 1323 ς
1755 1239 1963 1311 οἴεται
2030 1240 2488 1332 Θεόφραστος,
2549 1240 2684 1311 εἴτε

549 1351 750 1435 ἄλλος
811 1381 929 1438 τις,
994 1351 1110 1422 οὐκ
1172 1352 1298 1438 ἐᾶω
1358 1356 1624 1441 λέγειν.“
1714 1358 2157 1441 Theophrasto
2202 1358 2683 1425 fundamentum

545 1478 890 1553 paraverat
915 1471 1044 1537 iam
1075 1470 1496 1553 Aristoteles3
1543 1471 1652 1555 qui
1682 1468 1862 1537 Poet.
1895 1470 1981 1536 22
2009 1472 2167 1552 init,
2210 1470 2473 1538 Rhetor.
2500 1470 2620 1552 III,
2643 1471 2685 1535 2

545 1584 718 1649 init.1
737 1584 798 1665 1)
829 1583 987 1649 haec
1017 1585 1241 1649 docet:
1286 1584 1727 1648 Elocutionem
1758 1582 1939 1667 σαφῆ
1982 1602 2123 1649 esse
2154 1588 2451 1665 oportere
2480 1601 2685 1664 neque

545 1714 696 1761 vero
739 1688 1072 1781 ταπεινήν.
1163 1694 1230 1761 Si
1288 1700 1426 1760 tota
1468 1689 1721 1777 κυρίοις
1764 1686 2042 1778 ὀνόμασι
2102 1692 2237 1775 fiat,
2302 1694 2480 1780 σαφῆΙ
2542 1712 2683 1759 eam

545 1824 708 1887 esse,
770 1808 887 1872 sed
929 1806 1120 1871 simul
1165 1800 1510 1892 ταπεινήν,·
1575 1807 1632 1871 si
1677 1812 1817 1871 tota
1876 1805 2161 1885 ξενικοῖς
2200 1796 2481 1889 ὀνόμασι
2526 1805 2680 1889 (quo

545 1919 800 1983 nomine
866 1918 1246 1983 tralationes
1262 1968 1279 1998 ,
1345 1918 1600 2001 glossae
1617 1970 1634 1999 ,
1705 1917 1939 1983 similia
2010 1918 2683 1999 comprehenduntur),

541 2022 861 2116 ταπεινήν
905 2049 1047 2095 eam
1091 2049 1217 2094 non
1261 2048 1422 2111 esse,
1489 2030 1605 2096 sed
1648 2048 1730 2096 ne
1774 2026 1953 2115 σαφῆ
2001 2029 2274 2111 quidem.
2366 2027 2685 2105 Quamob-

543 2161 678 2207 rem
736 2137 813 2206 τὸ
857 2134 1081 2226 κύριον
1144 2147 1212 2207 et
1259 2137 1335 2206 τὸ
1383 2134 1636 2221 ξενικόν
1680 2141 2009 2207 miscenda
2068 2160 2210 2207 esse
2274 2138 2372 2221 (et
2428 2140 2500 2205 id
2557 2139 2685 2204 alia

544 2252 794 2318 ratione
839 2253 903 2318 in
948 2253 1237 2319 oratione
1282 2253 1556 2335 poetica,
1601 2252 1729 2317 alia
1772 2254 1838 2317 in
1880 2253 2189 2335 pedestri,
2232 2251 2311 2318 cf.
2356 2270 2420 2333 p.
2457 2249 2624 2315 1404
2643 2250 2683 2316 b

549 2365 762 2448 3—5).
825 2402 904 2410 ——
960 2365 1318 2431 Volkmann
1363 2365 1675 2432 Rhetorik
1720 2365 1871 2430 edit.
1904 2365 1971 2429 Π
2012 2385 2073 2447 p.
2106 2364 2234 2431 532
2278 2365 2409 2429 tria
2449 2382 2687 2446 genera

546 2478 625 2543 ab
672 2477 1054 2544 Antisthene
1098 2478 1400 2543 instituta
1442 2495 1584 2542 esse
1629 2477 1893 2557 conicit,
1932 2478 2043 2558 qui
2086 2477 2332 2558 primus
2377 2479 2684 2559 quantum

545 2608 663 2654 nos
709 2590 986 2655 sciamus
1051 2585 1207 2672 περὶ
1266 2583 1506 2668 λέξεως
1561 2579 1602 2674 ἢ
1661 2584 1819 2671 περὶ
1873 2582 2297 2673 χαρακτήρων
2356 2587 2687 2669 scripserit

547 2704 716 2766 teste
771 2700 1034 2766 Laertio
1077 2701 1362 2783 Diogene
1405 2700 1517 2782 VI,
1542 2707 1638 2766 16.
1730 2702 1820 2765 At
1881 2718 2008 2764 non
2056 2704 2307 2765 constat
2348 2699 2682 2765 Antisthe-

551 2813 650 2877 nis
693 2811 925 2878 librum
970 2814 1052 2878 de
1106 2813 1450 2895 generibus
1507 2812 1766 2878 dicendi
1809 2810 2014 2878 fuisse
2030 2863 2047 2892 ,
2109 2830 2253 2877 cum
2296 2830 2419 2875 vox
2475 2831 2682 2895 χαρα-

722 3105 786 3180 9)
830 3107 862 3178 ξ
896 3108 969 3164 11
1005 3110 1183 3178 „sunt
1226 3105 1410 3180 igitur
1437 3107 1555 3166 tria
1597 3126 1833 3182 genera,
1881 3125 2031 3187 quae
2062 3125 2281 3181 genera
2324 3123 2434 3164 nos
2464 3103 2684 3178 figuras

549 3207 934 3284 appellamus,
1000 3206 1063 3263 in
1111 3207 1327 3284 quibus
1372 3208 1564 3266 omnis
1608 3211 1798 3268 oratio
1859 3229 1978 3268 non
2025 3209 2243 3269 vitiosa
2286 3206 2680 3266 eonsumitur:

549 3327 728 3367 unam
773 3327 1014 3383 gravem
1032 3354 1048 3382 ,
1115 3309 1360 3368 alteram
1405 3311 1791 3385 mediocrem,
1852 3310 2091 3372 tertiam
2155 3316 2534 3370 extenuatam
2577 3329 2681 3370 vo-

552 3414 808 3470 camus.“
853 3416 1007 3470 extr.
1049 3414 1082 3485 ξ
1119 3416 1192 3469 16
1239 3412 1379 3484 „sed
1424 3412 1671 3488 figuram
1716 3414 1780 3472 in
1826 3414 2072 3474 dicendo
2104 3417 2462 3472 eommutare
2509 3431 2683 3488 opor-

549 3517 655 3586 tet,
699 3523 768 3572 ut
796 3532 1037 3588 gravem
1067 3515 1395 3588 mediocris,
1441 3515 1795 3574 mediocrem
1827 3516 2089 3592 excipiat
2114 3520 2438 3588 attenuata,
2468 3514 2681 3572 deinde

549 3615 872 3674 identidem
920 3622 1377 3689 commutentur,
1439 3622 1508 3676 ut
1549 3619 1725 3677 facile
1785 3620 2026 3678 satietas
2068 3618 2357 3678 varietate
2399 3616 2679 3676 vitetur.“
2764 3684 2774 3691 ‚

731 3719 832 3796 10)
876 3719 1126 3777 Addidit
1167 3720 1242 3778 K.
1288 3719 1384 3780 W.
1429 3721 1667 3795 Kriiger
1706 3719 1902 3794 „Krit.
1949 3721 2325 3780 Analekten“
2368 3719 2401 3776 1
2445 3737 2502 3793 p.
2543 3722 2685 3792 136.

731 3818 831 3897 11)
877 3821 1006 3878 Hos
1035 3820 1198 3880 locos
1241 3823 1312 3880 ad
1344 3841 1626 3896 generum
1674 3823 1905 3881 dicendi
1936 3822 2245 3881 historiam
2272 3820 2679 3880 illustrandam

551 3924 777 3998 primus
821 3929 1108 4003 quantum
1155 3923 1274 3983 seio
1321 3925 1490 3984 Liers
1535 3925 1817 3985 Stilarten
1863 3945 1919 4001 p.
1956 3930 2077 3982 698
2125 3925 2414 3984 adhibuit.

2184 4031 2269 4088 2*
