3309 4675
1525 314 1949 379 „14-

666 488 804 555 buS.
893 486 987 556 cf.
1018 488 1278 571 Dionys.
1322 487 1422 553 De
1448 488 1643 555 Isocr.
1680 487 1761 554 12
1803 506 1867 568 p.
1896 486 2023 553 558
2069 486 2203 566 ult.‚
2248 486 2359 553 ubi
2402 486 2599 552 nimia
2640 489 2803 567 arte,

665 619 792 683 qua
835 602 1153 667 Isocrates
1197 601 1261 665 in
1308 600 1661 666 elocutione
1705 618 1861 665 usus
1904 600 2009 679 sit,
2076 598 2445 680 vituperata
2486 598 2645 663 haec
2688 598 2801 662 ad-

665 711 908 776 duntur
967 707 1359 794 ,,κράτιστον
1421 704 1485 774 δ’
1537 704 1938 796 ἐπιτήδευμα
1997 705 2064 772 ἐν
2123 706 2445 794 διαλέκτῳ
2490 707 2799 791 πολιτικῇ

666 819 782 887 καὶ
826 819 1149 908 ἐναγωνίῳ
1194 820 1270 889 τὸ
1332 817 1725 907 ὁμοιότατον
1779 820 1878 906 τῷ
1924 819 2093 885 κατὰ
2136 816 2393 906 φύσινίι,
2452 820 2652 886 libelli
2696 819 2805 902 qui

664 933 1032 1000 inscribitur
1075 932 1231 1021 περὶ
1271 926 1487 1019 ὕψους
1529 936 1747 1016 capita
1796 934 1876 997 18
1920 940 1987 999 et
2029 933 2131 1013 22,
2176 933 2518 1015 praecipue
2568 931 2647 999 18
2692 933 2729 1014 ἕ
2761 933 2802 996 2

664 1039 850 1129 ,,ἆ’γει
895 1043 1018 1128 γὰρ
1063 1044 1148 1110 τὰ
1195 1044 1537 1131 παθητικὰ
1578 1040 1728 1112 τότε
1766 1043 2037 1127 μᾶλλον,
2083 1038 2240 1108 ὅταν
2284 1035 2447 1109 αὐτὰ
2494 1038 2803 1129 φαίνηται

663 1153 756 1243 μὴ
815 1152 1216 1241 ἐπιτηδεύειν
1275 1152 1476 1234 αὐτὸς
1533 1152 1570 1223 ὃ
1632 1153 1864 1241 λέγων,
1925 1148 2095 1221 ἀλλὰ
2154 1154 2377 1239 γεννᾶν
2438 1148 2473 1220 ὃ
2519 1150 2806 1238 καιρός“,

665 1266 1130 1351 Hermogenem
1175 1269 1294 1333 Rh.
1341 1269 1452 1334 Gr.
1501 1269 1605 1351 Sp.
1643 1269 1708 1333 11
1768 1288 1829 1351 p.
1862 1268 2008 1346 379,
2054 1266 2371 1346 28—380,
2420 1276 2487 1345 83
2549 1266 2805 1347 Anony-

668 1398 840 1443 mum
887 1378 1343 1462 Seguerianum
1387 1381 1508 1446 Rh.
1556 1380 1669 1445 Gr.
1715 1378 1823 1462 Sp.
1868 1380 1901 1443 I
1945 1399 2005 1461 p.
2036 1379 2185 1457 439,
2240 1386 2332 1444 11.
2382 1386 2481 1444 12.

837 1605 876 1684 ξ
919 1602 980 1669 5.
1071 1602 1253 1669 Liers
1284 1602 1588 1669 Stilarten
1621 1623 1684 1684 p.
1716 1601 1844 1669 696
1874 1602 2096 1684 „Auch
2128 1600 2608 1683 Theophrastos
2636 1600 2805 1664 kann

669 1714 776 1778 die
805 1714 1018 1779 Kunst
1047 1716 1160 1780 des
1192 1715 1652 1781 Demosthenes
1684 1714 1861 1781 nicht
1889 1713 2053 1779 hoch
2085 1712 2545 1796 angeschlagen
2577 1711 2805 1791 haben,

668 1844 843 1891 wenn
906 1844 976 1890 er
1037 1827 1158 1893 den
1205 1826 1526 1893 Demades
1587 1826 1742 1892 iiber
1794 1828 1982 1909 jenen
2043 1824 2257 1891 stellte
2302 1822 2639 1906 (Plutarch
2683 1821 2806 1885 De-

668 1936 895 2003 mosth.
942 1936 1072 2021 10).
1161 1938 1415 2005 Diesem
1474 1937 1727 2004 Urtheil
1786 1937 2086 2004 schliesst
2147 1937 2283 2003 sich
2339 1934 2621 2002 offenbar
2682 1933 2808 1998 De-

667 2048 930 2113 metrios
970 2067 1071 2127 an,
1116 2049 1386 2115 welcher
1431 2048 1535 2116 die
1579 2048 2071 2115 Beredsamkeit
2114 2048 2227 2115 des
2267 2047 2587 2113 Demades
2632 2045 2805 2112 einer

671 2158 934 2239 langern
981 2159 1434 2241 Besprechung
1480 2161 1757 2242 wiirdigt
1816 2161 1923 2242 (ἐξ
1953 2158 2345 2242 282-286),
2406 2160 2527 2224 den
2575 2159 2808 2223 Demo-

672 2272 930 2337 sthenes
988 2272 1143 2339 aber
1198 2272 1500 2355 nirgends
1560 2272 1870 2337 riihmend
1917 2270 2333 2352 hervorhebt;
2394 2272 2432 2354 ξ
2476 2271 2606 2339 250
2664 2275 2814 2354 sagt

671 2403 742 2448 er
814 2403 1003 2466 sogar
1083 2403 1202 2450 von
1277 2384 1442 2450 ihm:
1518 2385 2009 2464 κακοτεχνοῦντι
2072 2381 2195 2468 γὰρ
2268 2377 2441 2448 ἔοικε
2514 2380 2627 2448 διὰ
2691 2380 2809 2470 τὴν

671 2488 1154 2575 ἀνταπόδοσιν,
1220 2494 1472 2580 μᾶλλον
1545 2495 1620 2560 δὲ
1687 2492 2028 2577 παίζοντι,
2090 2488 2204 2561 οὐκ
2284 2487 2811 2579 ἇγανακτοῢντι.“

669 2606 906 2672 Contra
977 2609 1138 2674 haec
1213 2608 1481 2674 dicenda
1555 2614 1705 2672 sunt
1788 2607 2133 2689 complura.
2268 2609 2337 2690 1)
2408 2608 2567 2674 Inde
2639 2609 2809 2690 quod

671 2717 1152 2801 Theophrastus
1201 2719 1753 2784 Demosthenicum
1812 2718 2235 2801 eloquentiam
2300 2719 2561 2784 minoris
2616 2739 2806 2802 quam

672 2829 1060 2895 Demadeam
1106 2831 1505 2910 aestimavit,
1572 2850 1693 2896 non
1739 2831 2025 2913 sequitur
2085 2837 2159 2895 ut
2205 2831 2385 2913 parvi
2432 2850 2572 2898 eam
2617 2832 2809 2896 aesti-

677 2940 968 3005 maverit.
1086 2940 1408 3023 (Ceterum
1478 2959 1640 3022 quae
1714 2941 1800 3007 sit
1865 2943 1961 3008 vis
2028 2941 2364 3007 verborum
2440 2935 2627 3023 ἄξιος
2692 2939 2811 3029 τῆς

675 3046 939 3129 πόλεως
999 3055 1295 3135 exposuit
1339 3053 1622 3136 Bernays
1682 3053 1827 3120 libri
1888 3071 2072 3136 quem
2139 3055 2219 3118 de
2282 3053 2599 3120 Phocione
2660 3073 2807 3120 con-

673 3163 933 3246 scripsit
975 3184 1036 3247 p.
1076 3165 1200 3231 134
1243 3166 1408 3249 seq.)
1493 3166 1562 3246 2)
1609 3164 1880 3244 Nemini,
1940 3165 2063 3230 nisi
2123 3165 2232 3247 qui
2290 3165 2580 3247 opinione
2625 3185 2807 3247 prae-

674 3276 960 3341 iudicata
1004 3276 1278 3354 ducitur,
1325 3275 1585 3341 dubium
1633 3295 1773 3343 esse
1817 3283 2033 3358 potest
2082 3277 2230 3359 quin
2277 3276 2641 3343 Demetrius
2683 3277 2808 3341 De·

676 3387 1022 3452 mosthenis
1097 3387 1508 3463 elocutionem
1576 3388 1905 3469 permagni
1981 3387 2238 3471 fecerit,
2298 3407 2437 3453 cum
2501 3409 2577 3454 ex
2638 3388 2809 3454 illius

675 3499 1066 3565 orationibus
1109 3500 1196 3563 ad
1239 3518 1438 3580 genus
1505 3501 1841 3565 vehemens
1885 3499 2330 3565 illustrandum
2376 3507 2475 3566 tot
2519 3501 2808 3582 exempla

675 3608 904 3675 aflerat
961 3618 1114 3693 quot
1174 3631 1210 3675 e
1271 3610 1445 3674 nullo
1504 3611 1630 3676 alio
1694 3617 1971 3676 auctore.
2060 3611 2244 3690 Quod
2308 3617 2521 3676 autem
2580 3612 2675 3677 ita
2736 3631 2807 3678 se

676 3723 914 3787 sentire
976 3740 1285 3805 nusquam
1343 3723 1654 3803 expressis
1731 3721 1941 3787 verbis
2001 3721 2370 3803 profitetur,
2444 3723 2510 3787 id
2573 3722 2807 3787 nullius

678 3833 978 3900 momenti
1039 3840 1156 3899 est.
1243 3833 1465 3915 Neque
1525 3833 1718 3913 illud,
1783 3834 1950 3915 quod
2006 3833 2371 3900 Demetrius
2428 3853 2619 3898 unum
2682 3834 2803 3899 De-

680 3945 1028 4010 mosthenis
1064 3945 1464 4010 enuntiatum
1507 3945 1846 4027 improbat,
1888 3952 2112 4010 contra
2156 3963 2257 4010 me
2300 3944 2473 4024 facit,
2515 3963 2803 4028 praeser-
