3309 4675
1579 281 2005 347 ...40-

723 454 928 519 nitum
971 453 1332 537 habuisset,
1395 452 1568 520 haud
1627 452 1819 521 dubie
1878 474 1955 521 eo
2014 473 2170 519 usus
2214 452 2373 519 illud
2390 504 2406 535 ‚
2466 456 2639 537 quod
2693 472 2859 519 nunc

722 566 789 631 in
833 567 1040 648 ipsius
1083 566 1246 631 libro
1291 567 1717 647 desideratur,
1764 566 2171 633 exhibuisset.

895 788 933 869 ξ
983 788 1079 854 18.
1168 789 1245 854 V.
1321 790 1398 853 Id
1443 806 1644 871 genus
1706 788 2185 870 compositionis
2244 788 2692 855 observatione
2744 788 2861 852 mi-

725 899 895 965 nime
937 900 1292 983 indignum,
1338 902 1510 984 quod
1539 901 1905 967 Demetrius
1949 896 2287 985 γλαφυράν
2332 894 2644 963 σύνθεσιν
2677 905 2863 965 vocat

727 1016 793 1076 et
836 1012 1081 1092 primus
1137 1017 1213 1077 ut
1271 1012 1410 1094 ipse
1454 1014 1643 1078 docet
1685 1012 2019 1093 tractavit,
2063 1012 2409 1095 Dionysius
2467 1012 2722 1077 omnino
2758 1011 2862 1091 ,ig-

729 1128 918 1188 norat
935 1174 950 1203 ‚
1017 1121 1095 1189 cf.
1165 1142 1330 1207 quae
1397 1124 1665 1206 exposui
1730 1124 1768 1205 ξ
1821 1123 1918 1189 12.
2028 1122 2371 1203 (Demetrii
2436 1121 2864 1205 paragraphis

730 1234 852 1299 183
871 1270 952 1280 —
974 1233 1096 1301 185
1154 1254 1310 1301 usus
1372 1253 1514 1301 esse
1579 1234 1736 1300 mihi
1793 1235 2049 1301 videtur
2103 1236 2539 1318 Hermogenes
2584 1234 2702 1299 Rh.
2748 1234 2859 1299 Gr.

727 1342 836 1426 Sp.
869 1346 937 1409 II
980 1365 1050 1428 p.
1075 1346 1551 1427 341‚5-342‚
1572 1347 1662 1428 9.)

900 1569 938 1651 ξ
987 1568 1083 1635 19.
1171 1568 1278 1635 VI.
1354 1568 1644 1653 Denique
1674 1570 2110 1639 testimonium
2148 1575 2354 1648 vetuS‚
2400 1571 2569 1652 quod
2612 1588 2732 1651 pro
2762 1589 2863 1635 me

727 1679 906 1762 facit,
952 1680 1166 1746 affero.
1258 1679 1567 1764 Syrianus
1626 1682 1694 1746 in
1738 1681 2203 1765 prolegomenis
2261 1700 2426 1763 quae
2484 1682 2866 1763 conscripsit

727 1795 809 1858 ad
853 1790 1275 1876 Hermogenis
1319 1792 1550 1858 librum
1594 1793 1705 1875 qui
1750 1797 1851 1859 est
1893 1794 1975 1858 de
2018 1791 2184 1858 ideis
2224 1792 2386 1858 haec
2430 1793 2589 1858 dicit
2632 1791 2863 1875 (Spen-

726 1904 848 1986 gel,
894 1903 1230 1988 Synagoge
1261 1903 1541 1971 technon
1586 1924 1649 1986 p.
1688 1903 1830 1985 197,
1851 1912 1949 1969 22.
1995 1903 2114 1969 Rh.
2141 1903 2250 1969 Gr.
2278 1904 2371 1969 W.
2401 1903 2528 1967 VII
2556 1924 2617 1986 p.
2644 1904 2745 1982 93,
2763 1903 2863 1984 4):

728 2009 830 2095 „el
874 2012 949 2079 δὲ
991 2012 1102 2079 καὶ
1147 2009 1579 2102 διενοήθησαν
1621 2036 1791 2091 τινες
1835 2008 2211 2100 ἐπιγράψαι
2264 2012 2415 2092 τοὺς
2455 2016 2867 2100 χαρακτῆρας

732 2123 848 2190 καὶ
908 2122 984 2190 τὸ
1027 2124 1242 2191 ποσὸν
1303 2120 1513 2191 αὐτῶν
1575 2126 1909 2213 συστῆσαι,
1972 2121 2301 2211 τηνάλλως
2362 2121 2713 2211 ἐποίησαν·
2777 2115 2867 2188 ὧν

733 2226 833 2315 εἷς
877 2234 1058 2303 ἐστιν
1102 2234 1139 2304 ὃ
1187 2234 1540 2315 Διονύσιος
1556 2257 1572 2272 ·
1619 2226 1809 2314 οὗτος
1850 2234 1972 2321 γὰρ
2024 2240 2205 2323 τρεῖς
2246 2228 2415 2302 εἶναι
2455 2232 2864 2324 χαρακτῆροὶς

730 2369 922 2437 φησι,
967 2348 1078 2416 τὸν
1124 2346 1362 2431 ἰσχνὸν,
1434 2347 1547 2415 τὸν
1589 2347 1825 2434 μέσον,
1873 2348 1987 2415 τὸν
2032 2344 2261 2436 ἁδρόν·
2307 2345 2342 2415 ὃ
2391 2347 2465 2414 δὲ
2490 2345 2862 2435 Ἵππαρχος

673 2533 676 2540 ,
733 2456 1143 2546 προστίθησι
1189 2455 1305 2527 τόν
1333 2484 1401 2526 τε
1432 2459 1755 2548 γραφικόν
1784 2459 1897 2526 καὶ
1929 2460 2043 2527 τὸν
2071 2456 2391 2547 ἀνθηρόν·
2441 2456 2465 2525 ἓ
2521 2459 2595 2525 δὲ
2640 2456 2863 2547 Δημή-

730 2593 910 2657 τριος
953 2568 1258 2656 ἐκβάλλει
1302 2572 1420 2640 τὸν
1465 2573 1787 2660 γραφικόν
1828 2576 1975 2650 τοῖς
2015 2568 2319 2659 τετράσιν
2360 2564 2863 2658 ἅρεσκόμενος.“

730 2685 936 2764 (Quae
980 2685 1205 2751 horum
1253 2686 1579 2754 simillima
1622 2687 1885 2754 disserit
1924 2688 2197 2752 Ioannes
2238 2684 2537 2752 Siceliota
2580 2683 2701 2750 Rh.
2750 2685 2861 2750 Gr.

732 2797 826 2861 W.
847 2797 939 2861 VI
961 2817 1023 2880 p.
1048 2797 1150 2881 71,
1174 2806 1362 2880 6—9‚
1407 2817 1485 2864 ea
1515 2819 1550 2864 e
1581 2797 1849 2880 Syriano
1878 2796 2135 2863 fluxisse
2179 2803 2248 2865 et
2275 2817 2393 2881 per
2432 2818 2503 2865 se
2533 2798 2863 2881 probabile

733 2913 834 2974 est
876 2912 944 2974 et
988 2928 1068 2975 ea
1111 2930 1183 2976 re
1229 2907 1661 2990 confirmatur,
1709 2911 1879 2993 quod
1921 2909 2039 2974 Rh.
2086 2907 2195 2974 Gr.
2244 2910 2337 2975 W.
2385 2910 2480 2974 VI
2523 2931 2583 2994 p.
2620 2910 2696 2975 71
2747 2911 2863 2976 ult.

731 3055 816 3066 —
842 3021 945 3102 72,
969 3029 1004 3080 9
1053 3021 1228 3087 haud
1272 3021 1463 3088 dubie
1507 3042 1543 3088 e
1587 3021 1715 3086 VII
1756 3041 1819 3104 p.
1852 3021 2229 3103 93‚1o-2o
2274 3019 2647 3105 fluxerunt.)

902 3132 1200 3199 Dubitari
1237 3138 1452 3203 autem
1482 3137 1720 3215 potest,
1765 3152 1919 3199 num
1963 3134 2071 3200 ille
2099 3133 2487 3216 Demetrius,
2533 3134 2715 3200 cuius
2746 3133 2863 3217 Sy-

733 3245 954 3310 rianus
997 3244 1117 3311 hoo
1160 3244 1299 3311 loco
1341 3247 1732 3312 mentionem
1793 3244 1969 3327 facit,
2035 3246 2093 3310 is
2135 3243 2331 3311 fuerit
2389 3246 2571 3312 cuius
2614 3245 2865 3311 libellus

734 3375 902 3422 nunc
961 3361 1160 3422 extat.
1249 3354 1555 3441 Syrianus
1619 3357 1787 3423 enim
1848 3359 2037 3423 docet
2101 3355 2258 3423 haec
2318 3375 2557 3440 genera
2614 3356 2867 3423 dicendi

735 3467 815 3532 ab
847 3487 922 3532 eo
967 3486 1108 3534 esse
1139 3468 1452 3535 exhibita:
1503 3463 1743 3550 ἰσχνὸν,
1787 3463 2010 3551 μέσον,
2054 3462 2272 3553 ἁδρὸν,
2316 3459 2622 3555 ἀνθηρόν.
2710 3469 2865 3547 Qui-

732 3580 854 3645 bus
899 3600 936 3645 e
981 3580 1344 3645 nominibus
1388 3599 1531 3647 oum
1578 3600 1776 3646 unum
1821 3584 2091 3662 tantum,
2140 3574 2377 3660 ἰσχνὸν,
2420 3582 2593 3664 apud
2637 3580 2865 3647 Deme-

733 3693 929 3758 trium
975 3697 1171 3773 extet‚
1218 3692 1395 3757 Walz
1439 3691 1558 3758 Rh.
1606 3691 1718 3756 Gr.
1763 3693 1855 3758 W.
1889 3693 1984 3758 IX
2027 3711 2089 3774 p.
2120 3693 2215 3757 IX
2258 3697 2387 3757 not.
2434 3691 2693 3774 negavit
2722 3709 2867 3757 eum

736 3803 1152 3885 Demetrium,
1197 3804 1306 3886 qui
1352 3800 1508 3886 περὶ
1544 3797 1886 3890 ἑρμηνείας
1928 3804 2191 3886 scripsit
2208 3854 2225 3885 ,
2271 3823 2311 3869 a
2356 3801 2626 3885 Syriano
2672 3803 2866 3884 signi-

734 3912 928 3980 ficari.
1020 3914 1146 3981 Sed
1209 3914 1470 3982 vocibus
1533 3909 1739 4001 ἁὸρόν
1800 3920 1867 3982 et
1928 3907 2213 4002 ἀνθηρόν
2255 3915 2567 3980 Demetrii
2628 3932 2865 3998 genera
