3309 4675
515 454 632 517 per
663 433 919 501 saecula
963 434 1029 500 in
1075 453 1195 499 usu
1225 431 1499 499 fuemnt.
1577 429 1701 513 (Cf.
1750 431 1911 514 ξὸ.)
1982 432 2401 497 Pertinebant
2431 436 2644 507 autem

513 547 671 611 haec
715 564 953 629 genera
1011 546 1095 608 ad
1157 544 1362 611 solum
1426 543 1745 609 delectum
1807 543 2181 623 verborum3
2240 561 2391 608 num
2439 542 2645 607 Theo-

513 657 821 738 phrastus
864 661 1207 737 praeterea
1249 654 1378 719 alia
1421 655 1787 729 instituerit,
1822 657 1904 720 ad
1937 656 2459 736 compositionem
2503 673 2646 736 per-

516 768 809 848 tinentia,
854 768 1155 834 nescitur.
1247 765 1371 848 (cf.
1417 767 1454 848 ξ
1491 765 1617 847 12.)
1731 766 1852 831 His
1898 766 2104 832 tribus
2148 766 2490 849 generibus
2535 772 2648 841 aut

516 878 1000 960 Theophrastus
1061 880 1201 961 ipse
1246 885 1360 943 aut
1402 878 1565 942 alius
1612 878 1755 959 quis
1800 877 2024 943 rhetor
2068 883 2283 943 aetate
2327 877 2647 959 posterior

516 991 642 1056 tria
708 991 940 1055 vitiosa
1001 990 1265 1055 addidit.
1387 989 1586 1053 Porro
1646 995 1794 1069 post
1854 989 2369 1071 Theophrastum
2430 990 2646 1071 opinio

515 1108 660 1166 orta
722 1110 821 1167 est
894 1103 1204 1183 optimam
1263 1101 1683 1167 elocutionem
1746 1101 2037 1167 omnibus
2100 1103 2438 1184 generibus
2500 1120 2641 1168 cum

513 1212 826 1279 varietate
871 1212 1250 1280 adhibendis
1295 1211 1452 1277 fieri.
1528 1212 1627 1277 Et
1671 1212 1836 1277 hanc
1880 1213 2241 1293 opinionem
2299 1218 2365 1279 et
2409 1231 2645 1293 genera

513 1326 746 1391 vitiosa
801 1326 973 1406 apud
1035 1322 1439 1389 Cornificium
1500 1325 1773 1405 primum
1835 1325 2206 1406 reperimus.
2316 1324 2437 1404 (Cf.
2482 1323 2645 1406 §83

514 1437 798 1501 Fuerunt
843 1436 1056 1517 etiam,
1104 1436 1213 1519 qui
1229 1488 1244 1516 ,
1305 1454 1446 1500 cum
1491 1437 1554 1501 in
1599 1437 1939 1517 generibus
1984 1437 2397 1503 instituendis
2441 1437 2644 1501 virtu-

513 1559 644 1613 tem
689 1548 1050 1614 venustatis
1093 1567 1218 1612 non
1265 1548 1724 1630 neglegendam
1785 1567 1929 1613 esse
1974 1553 2343 1629 censerent,
2408 1549 2473 1612 in
2519 1567 2645 1612 uno

513 1676 769 1740 quoque
813 1677 1045 1740 genere
1102 1658 1286 1725 binas
1348 1660 1594 1741 species
1656 1660 2157 1742 distinguerent,
2222 1660 2489 1726 alteram
2536 1679 2643 1725 ve-

511 1776 772 1835 nustate
816 1771 1171 1854 praeditam
1192 1822 1208 1851 ,
1255 1770 1519 1835 alteram
1567 1789 1646 1835 ea
1692 1779 2042 1851 carentem3
2088 1773 2259 1854 quod
2303 1772 2471 1836 inter
2516 1789 2643 1849 eoS,

511 1900 780 1963 quorum
812 1882 1053 1963 scripta
1082 1898 1251 1947 nunc
1281 1888 1519 1961 extant,
1550 1883 1797 1963 primus
1827 1881 2050 1948 Cicero
2080 1881 2253 1948 facit.
2300 1882 2425 1961 (cf.
2453 1882 2490 1963 ἓ
2518 1882 2644 1960 10.)

512 1992 920 2074 Hipparchus
939 2046 955 2075 ‚
1017 1995 1240 2059 rhetor
1296 1992 1604 2076 Dionysio
1664 1998 1879 2060 aetate
1942 1993 2206 2060 inferior
2223 2047 2239 2077 ,
2302 1994 2643 2077 generibus

511 2103 767 2170 sublimi
828 2111 895 2172 et
937 2105 1115 2170 tenui
1160 2105 1537 2187 simpliciter
1596 2107 1871 2171 servatis
1930 2107 1995 2171 in
2042 2106 2177 2171 solo
2223 2106 2435 2172 medio
2480 2106 2641 2170 duas
2736 2096 2747 2101 ’

513 2216 762 2296 species
820 2215 966 2281 illas
1027 2217 1327 2281 distinxit
1387 2223 1452 2282 et
1510 2221 1771 2298 praeter
1812 2217 1929 2282 has
1988 2218 2267 2299 tertiam,
2329 2210 2645 2300 δεινότητι

512 2330 911 2410 praeditam3
958 2327 1074 2394 has
1118 2336 1252 2395 tres
1297 2328 1542 2410 species
1587 2314 1804 2395 autem
1852 2346 1993 2394 cum
2039 2335 2106 2396 et
2149 2330 2325 2412 ipsas
2370 2349 2488 2411 pro
2533 2348 2643 2412 ge-

512 2440 771 2506 neribus
844 2439 1128 2521 haberet,
1210 2442 1488 2523 quinque
1561 2439 1846 2506 exhibuit
1914 2460 2169 2524 genera.
2280 2441 2647 2507 Demetrius

513 2553 735 2618 rhetor
777 2554 1071 2635 denique,
1118 2553 1227 2635 qui
1271 2552 1646 2633 Hipparcho
1693 2560 1907 2619 aetate
1952 2551 2220 2620 inferior
2264 2557 2433 2632 erat,
2479 2553 2644 2618 Her—

511 2683 779 2747 mogene
825 2664 1136 2745 superior,
1199 2684 1277 2730 ex
1323 2663 1680 2744 Hipparchi
1738 2664 2078 2748 generibus
2122 2665 2515 2747 graphicum,
2579 2665 2647 2728 id

513 2782 616 2842 est
658 2779 910 2859 generis
957 2779 1149 2842 medii
1209 2777 1483 2858 speciem
1546 2795 1753 2860 neque
1795 2771 2013 2860 χάριτι
2076 2795 2282 2859 neque
2326 2769 2647 2858 δεινότητι

511 2890 892 2969 praeditam,
938 2890 1174 2969 omisit,
1242 2894 1457 2954 cetera
1518 2888 1817 2954 servavit.
1908 2886 2031 2968 (cf.
2080 2888 2157 2969 ἓξ
2194 2888 2290 2952 10.
2345 2886 2645 2968 19-21.)

512 3001 704 3080 Apud
747 3001 916 3065 hunc
959 3001 1234 3080 primum
1281 3016 1518 3081 genera
1560 2999 1915 3080 reperimus
1959 3001 2043 3063 ad
2088 2997 2404 3064 delectum
2451 3003 2519 3063 et
2561 2984 2667 3061 ad‘

511 3111 1037 3191 compositionem
1067 3110 1407 3175 verborum
1440 3110 1625 3175 simul
1660 3110 2083 3192 pertinentia3
2130 3129 2337 3192 neque
2369 3111 2453 3174 ad
2483 3108 2642 3174 haec

511 3219 655 3285 sola
697 3222 1040 3302 pertinent,
1085 3222 1201 3288 sed
1247 3221 1442 3286 etiam
1488 3222 1569 3286 ad
1601 3221 2005 3287 sententiam.
2093 3218 2218 3302 (cf.
2266 3221 2303 3302 ξ
2339 3220 2467 3300 12.)
2555 3220 2643 3284 Et

513 3332 636 3397 hac
680 3352 752 3399 re
811 3341 877 3400 et
923 3333 1169 3400 duabus
1213 3332 1359 3398 aliis
1405 3333 1509 3413 (cf.
1559 3333 1635 3415 ἓξ
1688 3335 1783 3397 11.
1835 3331 1941 3412 13)
1987 3330 2061 3397 fit
2115 3339 2187 3397 ut
2234 3349 2470 3412 genera
2514 3330 2639 3396 De-

513 3445 828 3509 metriana
872 3444 1193 3509 simillima
1237 3446 1368 3510 sint
1409 3446 1717 3511 idearum.
