3309 4675
1530 346 1613 359 -
1702 310 1956 378 32..-

676 484 818 551 130.
869 484 1040 568 133),
1102 485 1461 551 vehementi
1507 484 1681 568 (255.
1732 483 1859 551 130
1901 483 1979 551 cf.
2028 484 2219 568 262);
2279 486 2680 553 Herodotum
2744 488 2808 553 in

675 597 925 663 sublimi
971 597 1102 679 (44.
1150 594 1262 679 66)
1309 602 1375 662 61
1438 602 1711 663 venusto
1755 597 1977 678 (181);
2043 597 2373 663 Platonem
2431 598 2495 664 in
2557 598 2810 664 sublimi

672 707 805 790 (51.
835 709 969 790 56),
1013 714 1285 773 venusto
1317 707 1741 789 (181-185),
1785 709 1967 773 tenui
1998 707 2205 791 (205),
2247 709 2605 776 vehementi
2638 708 2809 793 (266.

671 819 816 885 288.
849 821 994 886 290.
1025 818 1217 904 297);
1263 821 1524 902 Lysiam
1567 821 1634 885 in
1666 820 1842 885 tenui
1872 819 2058 903 (190)
2104 826 2171 886 et
2214 820 2574 886 vehementi
2605 818 2809 903 (262).

674 931 832 997 Cum
893 931 992 998 his
1055 929 1272 997 confer
1323 951 1487 1014 quae
1529 931 1607 1013 ἐξ
1654 932 1758 997 36.
1805 931 1888 996 37
1935 932 2299 998 Demetrius
2361 934 2443 997 de
2505 932 2812 997 mixtione

673 1062 978 1126 generum
1023 1044 1314 1125 exponit3
1378 1045 1460 1109 de
1505 1043 1736 1125 quibus
1795 1044 1922 1108 iam
1967 1043 2328 1110 Volkmann
2387 1062 2449 1123 p.
2482 1041 2609 1107 539
2653 1043 2811 1108 haec

673 1158 863 1221 docet
911 1155 1155 1241 „hierin
1189 1202 1395 1221 .....
1444 1155 1659 1222 lassen
1724 1155 1861 1220 sich
1904 1155 2234 1221 unschwer
2277 1156 2382 1220 die
2425 1155 2648 1222 Keime
2693 1155 2811 1220 der

671 1266 1046 1334 Ideenlehre
1090 1269 1207 1333 der
1265 1272 1526 1348 spatern
1571 1264 1912 1349 Sophisten
1958 1264 2342 1334 erkennen“.
2431 1266 2601 1344 Quin
2659 1284 2811 1331 nus-

674 1399 862 1463 quam
907 1379 1273 1445 Demetrius
1316 1377 1510 1444 ullius
1555 1379 1837 1444 auctoris
1868 1378 2287 1445 elocutionem
2334 1379 2397 1443 in
2445 1397 2647 1460 genus
2678 1378 2808 1443 sin—

671 1490 895 1574 gulare
939 1489 1263 1555 adscribit.
2863 1485 2867 1490 ’

846 1602 1203 1669 Generibus
1247 1606 1462 1668 autem
1506 1602 1678 1668 veris
1719 1603 2116 1688 χαρακτῆρες
2145 1602 2545 1669 Demetriani
2588 1602 2652 1666 in
2681 1601 2805 1666 hac

669 1734 798 1780 una
858 1735 930 1783 re
989 1713 1228 1781 similes
1293 1719 1466 1795 sunt,
1527 1716 1702 1796 quod
1764 1714 2131 1780 Demetrius
2193 1718 2500 1797 quattuor
2559 1718 2807 1779 tantum

672 1825 914 1891 formas
977 1826 1231 1892 dicendi
1293 1824 1680 1907 principales
1737 1825 2040 1907 instituit,
2098 1844 2368 1909 quarum
2433 1823 2551 1890 sub
2617 1842 2809 1890 unam

671 1956 987 2021 quamque
1051 1942 1296 2004 certum
1353 1937 1675 2020 quoddam
1745 1955 1948 2019 genus
2006 1943 2340 2003 auctorum
2386 1938 2577 2019 cadit,
2641 1937 2812 2019 quod

671 2055 1027 2115 ceterarum
1086 2050 1142 2115 si
1185 2069 1314 2115 non
1358 2068 1606 2131 experS‚
1676 2054 1746 2115 at
1806 2054 1981 2115 certe
2020 2049 2232 2115 minus
2291 2055 2390 2115 est
2450 2049 2810 2130 particeps3

674 2154 1096 2247 πιθανότητα
1159 2167 1374 2227 autem
1436 2166 1504 2227 et
1547 2155 1881 2247 ἐνάργειαν
1938 2180 2067 2227 non
2112 2162 2397 2245 quintam
2454 2166 2521 2226 et
2564 2164 2811 2226 sextam

674 2273 944 2356 addidit,
988 2275 1105 2340 sed
1151 2267 1474 2360 ἰσχνότητι
1518 2273 1807 2341 subiecit.
