3309 4675
1334 328 1765 395 -31—

477 498 813 567 Gebrauch
856 520 980 566 von
1025 491 1223 587 ἀρετή
1280 503 1412 568 und
1452 494 1782 589 χαρακτήρ
1846 502 2085 569 seitens
2129 504 2247 568 der
2290 501 2617 569 Rhetoren

473 614 667 678 deckt
712 612 849 679 sich
893 632 1104 695 genau
1161 614 1278 677 mit
1323 614 1438 679 der
1484 614 1899 696 Anwendung
1958 615 2076 679 der
2120 614 2347 679 beiden
2396 614 2617 679 Worte

476 725 540 789 in
607 725 724 789 der
782 722 1040 789 Ethik.“
1107 760 1191 771 —-
1248 725 1345 791 De
1399 725 1756 811 χαρακτῆρι
1820 743 1986 808 quae
2045 725 2166 791 hoc
2227 726 2368 791 loco
2431 725 2617 791 Liers

472 837 681 916 docet,
741 854 899 901 vera
943 840 1095 901 sunt
1137 841 1389 903 tantum
1433 838 1489 901 si
1530 835 1903 922 χαρακτῆρα
1948 837 2381 919 intellegimus
2427 837 2617 902 unius

473 948 802 1013 cuiusdam
848 947 1126 1027 modum,
1170 966 1296 1012 non
1341 948 1398 1013 si
1442 966 1642 1029 genus
1686 948 1972 1029 dicendi3
2019 967 2255 1030 genera
2305 950 2474 1015 enim
2518 949 2616 1013 di·
2716 964 2721 968 ·

473 1059 658 1125 cendi
703 1065 770 1124 et
813 1060 978 1140 ipsa,
1022 1063 1097 1124 ut
1139 1059 1354 1123 omnia
1396 1078 1650 1141 genera,
1697 1078 1767 1125 re
1812 1079 1936 1125 non
1984 1064 2235 1141 extant,
2282 1059 2399 1125 sed
2444 1060 2616 1142 cogi-

472 1171 716 1236 tatione
784 1175 1035 1235 tantum
1112 1168 1440 1252 finguntur
1500 1170 1958 1259 qualitatibus,
2032 1190 2196 1254 quae
2269 1170 2616 1235 multorum

473 1281 888 1364 singularium
933 1282 1267 1347 modorum
1313 1282 1567 1347 dicendi
1613 1300 1980 1348 communes
2025 1286 2195 1362 sunt,
2240 1280 2321 1345 ab
2364 1281 2467 1346 his
2513 1300 2615 1347 se-

473 1394 774 1475 gregatis.
864 1392 1087 1475 Neque
1129 1412 1371 1476 genera
1428 1395 1682 1459 dicendi
1744 1393 2178 1475 compluribus
2236 1394 2401 1459 ideis
2448 1412 2616 1458 com—

472 1506 686 1586 posita
729 1523 872 1570 esse
916 1522 1178 1571 necesse
1223 1511 1343 1587 est,
1403 1506 1520 1571 sed
1565 1507 1818 1587 generis
1860 1512 2095 1571 natura
2139 1506 2334 1571 etiam
2377 1506 2443 1569 in
2489 1525 2619 1570 una

475 1619 713 1683 virtute
773 1617 990 1699 posita
1033 1634 1176 1682 esse
1217 1622 1437 1699 potest
1451 1669 1468 1699 ,
1535 1618 1712 1683 velut
1776 1619 2031 1699 generis
2075 1616 2366 1683 sublimis
2412 1616 2617 1683 Theo-

474 1729 765 1822 phrastei
807 1733 1041 1795 natura
1083 1730 1300 1810 posita
1355 1733 1458 1794 est
1499 1729 1564 1794 in
1620 1748 1746 1794 uno
1791 1734 2026 1795 ornatu
2072 1730 2452 1822 elocutionis
2470 1780 2487 1810 ‚
2545 1733 2619 1794 ut

475 1841 559 1904 ad
601 1858 802 1921 genus
865 1840 1137 1905 sublime
1198 1844 1265 1905 et
1308 1840 1394 1905 ad
1454 1841 1760 1907 virtutem
1804 1846 2089 1922 ornatuS,
2152 1860 2315 1923 quae
2360 1842 2619 1924 quidem

475 1956 573 2017 est
602 1953 666 2017 in
699 1948 932 2037 ἐκλογῇ
977 1943 1339 2036 ὀνομάτων,
1386 1951 1774 2018 illustranda
1803 1971 2069 2034 prorsus
2100 1954 2322 2018 eadem
2367 1952 2619 2034 possint

475 2063 784 2130 adhiberi.
894 2064 1256 2131 Discrimen
1315 2064 1516 2147 igitur
1575 2065 1876 2147 princeps
1893 2116 1909 2147 ,
1975 2067 2147 2148 quod
2206 2068 2383 2130 extat
2447 2064 2619 2128 inter

473 2194 714 2259 genera
771 2195 923 2242 vera
985 2181 1052 2243 et
1129 2177 1309 2243 ideas
1370 2178 1624 2243 omnino
1686 2196 1812 2243 non
1873 2178 1939 2241 in
2002 2196 2222 2243 eorum
2262 2155 2446 2257 ‘ipsis
2504 2193 2617 2239 na-

476 2288 644 2354 turis
703 2288 987 2371 positum
1034 2293 1134 2355 est
1148 2339 1164 2368 ‚
1233 2290 1349 2354 sed
1411 2289 1476 2355 in
1538 2287 1760 2355 usibus
1803 2288 2077 2356 diversis
2091 2340 2108 2370 ‚
2168 2289 2251 2354 ad
2296 2306 2457 2371 quos
2501 2287 2619 2352 ad-

474 2400 792 2466 hibentur.
855 2400 958 2464 ·In
1022 2419 1224 2484 genus
1284 2401 1451 2466 enim
1512 2400 1770 2483 aliquod
1831 2401 2282 2466 adscribuntur
2336 2401 2618 2464 auctoris

479 2511 747 2577 alicuius
791 2512 1032 2594 scripta
1074 2514 1376 2578 universa
1421 2512 1526 2594 (ut
1568 2511 1958 2595 Thucydidis
2002 2507 2277 2578 elocutio
2320 2512 2621 2576 universa

483 2624 700 2702 generi
743 2623 1025 2706 sublimi)
1086 2629 1200 2689 aut
1260 2625 1569 2704 scriptum
1631 2624 1955 2706 singulare
2019 2627 2133 2689 aut
2195 2623 2422 2704 scripti
2467 2640 2620 2703 pars

482 2734 779 2798 continua
821 2742 889 2799 et
947 2735 1220 2817 amplior
1264 2733 1367 2818 (ut
1410 2735 1865 2801 Demosthenis
1908 2737 2233 2800 orationes
2277 2735 2621 2816 Dionysius

483 2844 580 2909 De
624 2845 947 2911 Demosth.
996 2848 1054 2912 9.
1106 2846 1203 2912 13.
1257 2845 1336 2908 14
1379 2847 1446 2910 in
1492 2847 1744 2929 singula
1786 2864 2023 2929 genera
2076 2846 2455 2927 distribuit).
2545 2847 2620 2910 In

482 2956 664 3022 ideas
711 2961 924 3023 autem
968 2977 1094 3022 non
1138 2958 1344 3023 solum
1390 2957 1548 3023 talia
1592 2957 1873 3024 adscribi
1924 2964 2218 3040 possunt,
2264 2958 2380 3023 sed
2425 2959 2621 3023 etiam

483 3074 706 3149 partes
750 3069 1214 3135 minutissimae
1271 3073 1346 3134 ut
1400 3070 1745 3135 enunciata
1803 3069 2155 3152 singularia
2172 3121 2187 3151 ,
2249 3069 2446 3135 verba
2490 3069 2621 3134 sin—

485 3181 753 3263 gularia,
816 3179 1067 3246 similia.
1156 3181 1297 3247 Hac
1360 3200 1612 3264 quoque
1667 3183 1733 3247 in
1796 3201 1867 3246 re
1927 3201 2166 3264 genera
2208 3180 2624 3246 Demetriana

485 3309 525 3354 a
569 3291 1071 3374 Theophrasteis
1101 3293 1490 3374 discrepant,
1537 3311 1681 3358 cum
1724 3293 1887 3358 ideis
1916 3290 2177 3358 faciunt.
2268 3293 2455 3370 Quod
2499 3290 2623 3356 nisi

484 3403 579 3467 ita
637 3408 828 3484 esset,
875 3404 1262 3486 DemetriuS‚
1324 3409 1397 3468 ut
1442 3404 1732 3485 exemplo
1776 3411 1927 3470 utar
1942 3454 1959 3484 ‚
2002 3404 2447 3486 Xenophontis
2491 3402 2622 3468 elo-

486 3514 804 3580 cutionem
847 3515 914 3579 in
958 3534 1156 3580 unum
1200 3533 1399 3597 genus
1442 3521 1781 3582 venustum
1824 3516 2312 3597 adscripsisset3
2356 3535 2429 3580 re
2472 3533 2625 3580 vera

487 3631 720 3706 autem,
766 3631 838 3690 ut
868 3628 952 3690 ad
981 3645 1182 3708 genus
1211 3632 1554 3693 venustum
1585 3627 2038 3692 illustrandum
2068 3626 2421 3710 permultos
2450 3626 2627 3691 locos

487 3757 567 3803 ex
612 3738 750 3803 eius
795 3737 1056 3818 scriptis
1097 3738 1340 3818 petitos
1385 3738 1669 3818 adhibet,
1712 3739 1806 3804 ita
1849 3737 2186 3805 nonnullos
2231 3740 2314 3802 ad
2360 3737 2627 3802 sublime

486 3849 593 3931 (ἐξ
623 3848 726 3913 84.
773 3848 878 3913 98.
929 3847 1068 3913 103.
1121 3847 1273 3933 104)
1320 3854 1386 3914 et
1445 3852 1530 3914 ad
1572 3849 1915 3915 vehemens
1973 3849 2178 3932 (131).
2267 3851 2432 3915 Item
2490 3849 2625 3914 Ho-

487 3979 732 4026 merum
774 3960 1002 4025 laudat
1045 3961 1109 4025 in
1155 3961 1494 4042 generibus
1539 3961 1796 4026 sublimi
1828 3956 2101 4047 (saepe),
2145 3967 2415 4027 venusto
2445 3961 2623 4043 (129.
