3309 4675
1408 297 1835 362 ..37-

555 470 874 552 quoddam
917 466 1183 536 verbum
1213 473 1585 535 constanter
1628 465 1911 550 adhibet,
1955 471 2028 533 ut
2061 468 2425 535 Demetrius
2468 486 2685 534 vocem

554 574 937 665 δεινότητος.
1022 580 1187 645 Nam
1253 581 1372 647 hac
1429 599 1584 646 voce
1627 580 1975 663 Dionysius
2030 580 2172 662 ipse
2230 598 2484 662 quoque
2544 599 2685 646 sae-

553 693 701 775 pius
732 694 987 776 quidem
1017 693 1245 773 utitur,
1291 694 1407 758 sed
1441 692 1817 774 plerumque
1861 710 1989 757 non
2020 691 2157 757 sola
2201 692 2316 757 sed
2347 692 2689 757 coniuncta

557 823 702 870 cum
731 802 878 870 aliis
921 804 1134 871 verbis
1175 821 1447 885 quorum
1493 802 1723 869 similis
1766 808 1867 869 est
1896 804 2012 885 vis,
2057 809 2131 868 ut
2160 796 2366 883 τόνος,
2412 800 2687 887 πνεῦμα,

557 910 965 998 παθητικόν;
1009 914 1333 981 nonnullis
1377 934 1527 981 vero
1571 915 1749 996 lociS‚
1796 915 2025 999 quibus
2069 915 2255 981 huius
2298 914 2541 981 formae
2584 916 2683 981 di-

556 1027 742 1093 cendi
785 1027 1170 1093 mentionem
1216 1024 1391 1108 facit,
1455 1044 1609 1093 voce
1655 1020 2023 1112 δεινότητος
2086 1028 2340 1092 omnino
2385 1047 2513 1093 non
2559 1030 2685 1093 uti-

557 1144 694 1220 tur,
757 1137 835 1204 cf.
896 1140 994 1206 De
1037 1140 1363 1208 Demosth.
1412 1137 1498 1204 20
1553 1159 1616 1221 p.
1650 1138 1842 1216 1012,
1871 1145 1945 1199 12
2009 1128 2222 1218 „ema
2281 1134 2404 1225 μὴν
2468 1133 2570 1204 ὅτι
2633 1131 2687 1222 γ’

556 1242 816 1336 ἄψυχός
875 1246 1055 1316 ἐστιν
1113 1243 1152 1335 ἡ
1197 1244 1539 1325 διάλεκτος
1597 1241 1795 1314 αὐτοῦ
1839 1250 2203 1336 (Isocratis)
2262 1247 2376 1315 καὶ
2439 1242 2511 1314 oi
2558 1272 2688 1315 aa·

557 1358 826 1449 θητικὴ,
890 1354 1260 1445 πνεύματός
1317 1383 1387 1425 τε
1405 1413 1422 1443 ,
1467 1352 1540 1425 οὗ
1604 1356 1899 1445 μάλιστα
1961 1359 2064 1425 δεῖ
2124 1363 2269 1438 τοῖς
2312 1357 2691 1445 ἐναγωνίοις

558 1469 804 1558 λόγοις,
866 1468 1207 1559 ἐλαχίστην
1264 1467 1501 1552 ἔχουσα
1542 1474 1816 1559 μοῖραν,
1881 1467 2109 1558 οἴομαι
2167 1470 2289 1558 μὲν
2332 1467 2531 1557 ἔγωγε
2574 1470 2688 1537 καὶ

554 1582 754 1671 χωρὶς
815 1578 1244 1673 ὗπομνήσεως
1303 1580 1557 1651 ἅπασιν
1618 1575 1791 1649 εἶναι
1853 1580 2193 1671 φανερόν.“
2280 1605 2343 1668 p.
2397 1586 2583 1667 1013,
2615 1593 2688 1647 10

557 1694 667 1779 ,,ἐν
708 1692 965 1774 τούτοις
1008 1689 1083 1763 οὗ
1120 1692 1472 1783 μέμφομαι
1515 1694 1629 1761 τὸν
1674 1691 1885 1783 ἷίνδρα
1914 1698 2325 1781 (Isocratem)
2370 1700 2485 1761 τοῦ
2529 1691 2688 1784 λήμ-

562 1830 803 1895 ματος·
866 1804 1126 1893 γενναία
1168 1807 1288 1894 γὰρ
1334 1802 1374 1894 ἣ
1416 1803 1675 1874 διάνοια
1715 1806 1832 1874 καὶ
1891 1806 2207 1894 δυναμένη
2248 1812 2508 1897 κινῆσαι
2548 1803 2688 1875 ποί-

562 1926 727 1999 θος·
772 1918 848 1988 τὸ
895 1918 969 1987 δὲ
997 1922 1113 2008 τῆς
1156 1917 1395 2001 λέξεως
1425 1920 1600 1985 λεῖον
1628 1918 1743 1985 καὶ
1784 1917 2084 2005 μαλακὸν
2129 1916 2461 2005 αἰτιῶμαι.
2529 1945 2689 2008 τρα-

562 2036 745 2113 χεῖαν
785 2030 909 2120 γὰρ
953 2027 1091 2098 ἔδει
1132 2029 1247 2097 καὶ
1290 2029 1532 2118 πικρὰν
1574 2023 1746 2097 εἶναι
1804 2029 1917 2097 καὶ
1962 2032 2175 2118 πληγῇ
2217 2056 2284 2098 τι
2329 2028 2689 2121 παραπλή-

567 2165 709 2210 σιον
755 2146 1018 2211 ποιεῖν“
1063 2143 1172 2230 (cf.
1194 2144 1542 2228 Demetr.§
1573 2144 1701 2210 274
1750 2137 1829 2231 „7‘2
1873 2141 1948 2209 δέ
1990 2139 2277 2231 δεινότης
2307 2193 2325 2209 .
2357 2194 2375 2209 .
2405 2194 2421 2210 .
2454 2194 2469 2209 .
2502 2140 2685 2229 ἐγγύ-

558 2260 680 2321 θεν
742 2250 1138 2344 πλήττουσιν
1199 2250 1500 2340 ἔοικεν’).
1622 2256 1702 2321 21
1768 2275 1833 2340 p.
1881 2257 2071 2340 1021,
2097 2264 2131 2317 3
2207 2251 2537 2343 „pecii-tow
2614 2254 2690 2323 δὲ

560 2366 730 2434 κατὰ
772 2367 848 2433 τὸ
894 2365 1282 2456 δραστήριον
1323 2365 1434 2434 καὶ
1479 2362 1824 2452 ἐναγώνιον
1885 2366 1997 2434 καὶ
2040 2366 2354 2455 ἐμπαθὲς
2396 2361 2527 2454 ὅλῳ
2572 2367 2685 2434 καὶ

558 2485 652 2570 τῷ
695 2478 899 2546 παντὶ
941 2483 1239 2568 κρεῖττον
1283 2474 1414 2559 ἐόςει
1464 2480 1770 2560 (elocutio
1813 2480 2337 2566 Demosthenica)
2382 2475 2687 2567 ἐκείνης.“

557 2595 644 2660 34
671 2616 733 2677 p.
767 2594 958 2676 1061,
985 2601 1081 2660 12.
1129 2632 1210 2641 —
1256 2592 1415 2658 Inde
1446 2596 1683 2675 autem,
1713 2595 1885 2676 quod
1912 2592 2260 2677 Dionysius
2290 2599 2463 2660 certo
2492 2593 2689 2660 verbo

561 2727 685 2790 quo
732 2700 1066 2791 δεινότητα
1109 2706 1586 2772 Demetrianam
1649 2711 2019 2772 constanter
2061 2705 2417 2788 appellaret
2458 2706 2686 2787 caruit,

558 2819 696 2885 veri
739 2817 947 2884 simile
1006 2816 1083 2883 fit
1125 2818 1264 2883 eius
1308 2822 1522 2884 aetate
1588 2816 1753 2884 hanc
1796 2816 2064 2882 formam
2110 2817 2363 2884 dicendi
2407 2818 2686 2884 nondum

562 2936 692 2996 tam
753 2933 1054 2996 accurate
1115 2926 1318 2996 fuisse
1379 2934 1726 2995 tractatam
1742 2981 1759 3011 ‚
1823 2949 2013 3012 quam
2076 2935 2397 2996 tractatur
2460 2948 2501 2994 a
2559 2929 2687 2994 De-

560 3042 807 3108 metrio.

728 3154 975 3220 Eadem
1017 3171 1122 3220 res
1167 3154 1362 3219 etiam
1407 3153 1471 3218 in
1515 3153 1729 3219 libello
1773 3151 2394 3233 Pseudolonginiano
2446 3152 2547 3218 cui
2589 3153 2687 3217 in-

565 3265 864 3330 scribitur
907 3261 1078 3347 Περὶ
1120 3257 1334 3349 ὕψους
1357 3263 1465 3346 ²⁶)
1508 3266 1847 3346 reperitur.
1937 3264 2012 3329 In
2057 3284 2185 3347 quo
2246 3264 2558 3346 imprimis
2618 3263 2691 3329 hi

736 3523 840 3602 26)
886 3524 1004 3585 Hic
1047 3525 1286 3586 libellus
1330 3525 1563 3586 saeculo
1609 3533 1746 3603 post
1789 3526 1926 3587 chr.
1956 3547 2016 3586 n.
2062 3527 2253 3602 primo
2301 3532 2403 3586 aut
2445 3524 2690 3585 alterius

561 3625 735 3686 initio
780 3628 1036 3704 scriptus
1080 3635 1202 3702 θείη
1269 3647 1306 3686 a
1349 3648 1486 3708 quo,
1532 3628 1811 3689 nescitur.
1899 3632 2128 3689 Auctor
2170 3647 2346 3706 saepe
2391 3646 2477 3700 ea,
2538 3646 2689 3706 quae

564 3729 851 3789 Caecilius
896 3731 1176 3791 docuerat
1230 3730 1295 3788 in
1349 3729 1502 3790 libro
1562 3750 1741 3812 quem
1799 3732 1872 3791 de
1916 3730 2280 3791 sublimitate
2322 3728 2691 3805 conscripsit,

562 3832 890 3908 impugnat,
934 3833 1036 3892 sed
1080 3838 1280 3894 tamen
1324 3852 1403 3891 ex
1446 3834 1560 3894 hoc
1601 3834 1735 3911 ipso
1778 3834 1931 3896 libro
1962 3833 2150 3894 multa
2190 3833 2255 3892 in
2286 3852 2456 3892 suum
2498 3837 2690 3892 trans-

563 3933 706 3994 tulit
746 3939 927 4015 atque
970 3936 1095 3996 fere
1156 3939 1318 3996 totus
1363 3953 1396 3994 e
1443 3936 1698 3998 Caecilio
1758 3938 1995 3998 videtur
2037 3937 2314 4014 pendere.
2400 3935 2489 3994 cf.
2535 3935 2690 3994 Mar-
